2709 4017
443 482 591 550 Linea
620 499 827 552 paruus.
898 502 963 578 ¹43

248 629 251 634 ·
283 592 379 654 tundo
398 593 483 654 deo?
506 615 613 674 nempe
632 611 662 652 ut
682 594 717 654 ei
733 598 879 658 celeritate
895 619 970 658 con·

282 691 474 754 torqueatur,
490 677 534 734 cui
551 696 603 755 par
618 674 695 732 nulla
712 695 748 734 ue
767 678 886 758 cogitari
903 680 968 758 qui·

285 751 353 814 dem
373 755 475 834 possit.
498 752 531 814 Iu
553 775 609 834 qua
629 774 690 813 non
709 755 821 830 video,
848 757 966 818 ubinam

284 854 367 893 mens
388 833 518 894 consians
547 835 579 895 δι
603 834 663 893 vita
688 835 773 896 beata
805 837 896 917 possit
920 839 969 896 in-

284 910 398 972 sistere:
412 914 550 996 quodque
566 916 595 972 in
614 912 712 973 nostro
733 935 857 994 corpore
877 919 900 976 si
915 919 969 976 mi·

283 994 362 1053 nima
380 1012 511 1088 exparte
528 991 726 1076 significetur,
745 994 896 1056 molestum
911 998 964 1070 sit;

283 1093 335 1133 cur
354 1073 411 1132 hoc
430 1075 509 1135 idem
528 1095 589 1134 non
609 1074 749 1134 habeatur
767 1074 922 1136 molestum
935 1077 965 1137 in

282 1152 363 1214 deo?
381 1171 457 1214 terra
477 1156 555 1215 enim
570 1152 723 1236 profesib,
746 1158 882 1236 quoniam
899 1176 966 1235 pars

281 1233 386 1294 mundi
409 1231 479 1307 est,
509 1255 574 1313 pars
600 1232 641 1294 est
668 1236 756 1294 etiam
780 1235 840 1295 dei.
873 1234 966 1316 Atqui

280 1330 368 1373 terrae
379 1315 516 1371 maximas
526 1314 658 1393 regiones
667 1314 869 1375 inhabitabiles
879 1333 967 1394 atque

280 1393 404 1460 incultas
425 1392 581 1464 videmus,
600 1391 681 1472 qubd
704 1413 769 1474 pars
789 1413 888 1453 earum
914 1415 971 1474 ap-

282 1470 364 1552 pulsu
380 1470 446 1531 solis
463 1471 596 1532 exarserit
611 1492 621 1544 3
639 1493 704 1551 pars
723 1473 880 1555 obriguerit
897 1475 966 1534 nive

281 1552 382 1631 pruini
406 1573 462 1624 ue,
479 1552 638 1633 longinquo
652 1551 719 1611 solis
733 1551 872 1613 abscessu:
887 1573 967 1634 quae,

282 1631 308 1689 si
321 1573 443 1691 mundus
456 1630 496 1692 est
508 1631 596 1705 deus,
610 1632 747 1711 quoniam
758 1649 853 1712 partes
866 1633 968 1693 mundi

281 1708 367 1785 sunt,
386 1711 432 1771 dei
454 1712 583 1772 membra
601 1713 704 1792 partim
725 1713 874 1788 ardentia,
895 1734 965 1794 par-

281 1793 336 1860 tim
354 1790 521 1872 refrigerata
538 1791 659 1850 dicenda
677 1790 750 1851 sunt.

325 1889 375 1950 25.
393 1872 491 1950 Atque
509 1871 570 1928 haec
585 1869 704 1950 quidem
719 1868 834 1943 vestra,
851 1870 959 1931 Lucili:

340 1952 378 2009 lia
396 1952 469 2009 verb
489 1949 543 2008 alia
559 1949 638 2020 sint,
660 1948 696 2007 ab
715 1949 816 2008 ultimo
835 1967 964 2029 repetam

293 2031 473 2111 uperiorum.
498 2027 607 2088 Thales
630 2028 707 2087 enirn
732 2027 891 2101 Milesius,
916 2031 964 2109 qui

280 2111 393 2192 primus
412 2108 449 2169 de
466 2109 567 2168 talibus
585 2108 670 2168 rebus
690 2109 841 2188 quaesivit,
859 2129 962 2189 aquam

282 2191 353 2251 dixit
380 2187 436 2249 esse
462 2190 571 2248 initium
602 2208 724 2247 rerum:
754 2188 840 2248 deum
869 2205 965 2268 autem

282 2291 348 2339 eam
367 2286 496 2334 mentem
516 2313 526 2342 ‚
553 2289 616 2350 quae
634 2288 670 2328 ex
689 2289 763 2348 aqua
784 2267 883 2328 cunda
904 2267 961 2328 sin-

304 2366 375 2410 eret.
389 2348 451 2428 Qui
463 2394 473 2422 ,
485 2350 508 2408 si
524 2349 562 2408 dii
577 2345 691 2428 possunt
703 2346 759 2408 esse
778 2352 838 2415 sine
855 2347 959 2409 sensu?
1002 2382 1005 2388 ·

281 2371 319 2490 bt
340 2447 470 2490 mentem
495 2449 544 2488 cur
569 2449 649 2508 aquae
668 2425 828 2507 adjunxit,
855 2430 877 2486 si
903 2428 961 2508 ipsa

282 2530 366 2570 mens
388 2507 519 2569 constare
550 2506 645 2588 potest
673 2528 779 2566 vacans
808 2508 959 2587 corpore?

282 2589 491 2650 Anaximandri
518 2607 614 2647 autem
641 2589 741 2666 opinio
761 2583 825 2659 est,
847 2589 962 2647 nativos

282 2667 340 2731 esse
356 2670 448 2742 deos,
463 2669 557 2748 longis
576 2668 731 2726 intervallis
750 2668 896 2739 orientes,
911 2687 964 2725 oc·

281 2748 495 2830 ridentesque,
523 2745 629 2827 eosque
657 2746 879 2806 innumerabiles
903 2743 960 2805 effe

281 2829 418 2890 mundos.
441 2827 499 2888 Sed
521 2848 576 2887 nos
600 2826 711 2900 deum,
739 2827 791 2886 nisi
812 2825 964 2906 sempiter-

281 2929 373 2979 num,
396 2908 553 2988 intelligere
568 2908 617 2986 qui
629 2905 795 2986 possumus?

324 2987 373 3049 26.
397 2983 463 3048 Pbst
488 2987 685 3049 Anaximenes
711 2989 777 3048 a'e'ra
797 2983 885 3044 deum
904 2978 963 3040 sia·
