2709 4017
377 480 533 580 Lrn'art
565 524 843 582 saturnus.
883 521 963 607 ‘503'

276 623 334 688 tesi
352 632 455 687 verum
466 645 476 697 ;
487 622 645 688 sedunum
657 626 713 698 sit,
724 632 786 686 nori
796 625 840 686 est·
848 628 965 690 mirabi-

275 708 307 768 le
317 727 325 766 ε
336 726 395 767 uon
406 705 483 766 enim
495 705 606 764 audivit
616 705 665 765 ille
677 705 834 766 draconem
845 708 965 790 loquen-

277 786 422 859 tem,·sed
439 783 562 845 estvisus
575 786 690 859 audire;
705 787 736 845 &
750 789 885 867 quidem,
903 789 963 871 quir

277 865 373 946 majus
384 868 437 938 sit,
449 887 540 947 quum
555 867 684 926 radicem
697 888 748 926 ore
760 888 895 941 teneret,
915 871 965 929 lo-

277 968 360 1007 cutus
373 945 427 1007 est:
442 946 492 1007 sed
512 947 582 1006 nihil
594 945 634 1007 est
652 968 789 1028 magnum
802 947 964 1012 somnianti.

278 1027 394 1106 Quaero
408 1046 526 1098 autem,
543 1048 593 1086 cur
603 1028 772 1088 Alexandro
784 1047 843 1088 tam
859 1029 965 1091 illustre

277 1107 445 1178 somnium,
466 1124 525 1166 tam
548 1125 658 1167 certum
676 1152 687 1181 ‚
705 1129 759 1168 nec
783 1110 846 1168 huic
866 1111 966 1171 eidem

278 1188 372 1261 aliis,
398 1208 453 1248 nec
478 1188 569 1248 malta
590 1190 702 1248 ceteris.
728 1189 804 1247 Mihi
823 1192 964 1270 quidem,

278 1282 385 1352 praeter
405 1269 462 1328 hoc
485 1268 668 1340 Marianum,
687 1269 756 1328 nihil
775 1268 862 1341 satie,
883 1271 965 1350 quod

278 1351 464 1413 meminerim
484 1369 491 1406 z
513 1347 611 1409 snrstra
623 1352 707 1430 igitur
720 1349 895 1430 consumptae
921 1367 966 1412 tot

279 1431 383 1493 nodles
400 1450 461 1489 tarn
478 1429 566 1509 longa
586 1433 614 1489 in
633 1449 728 1489 aetare.
743 1428 828 1489 Nunc
846 1432 966 1511 quidem

280 1528 405 1594 propter
428 1511 671 1569 intermissionem
694 1508 818 1571 sorensis
840 1533 938 1588 operae
954 1526 972 1586 ,¹

281 1593 315 1654 &
331 1591 546 1650 lucubrationes
559 1590 690 1662 detraxi,
707 1592 740 1650 &
752 1592 967 1653 meridiationes

281 1672 399 1742 addidi,
410 1672 513 1751 quibus
526 1673 567 1729 uti
585 1689 666 1730 antea
677 1693 738 1731 non
755 1672 900 1732 solebam:
912 1692 967 1732 nec

281 1770 344 1814 tam
360 1752 489 1812 multllm·
501 1752 648 1810 dormiens
665 1795 675 1824 ,
694 1753 753 1811 ullo
774 1752 887 1813 somnio
904 1752 981 1828 sum¹

281 1833 466 1905 admonitus,
480 1835 565 1890 tantis
576 1830 731 1910 praesertim
747 1833 784 1891 de
796 1834 896 1892 rebus:
911 1854 969 1894 nec

282 1914 355 1976 mihi
372 1917 461 1995 magis
478 1910 597 1992 usquam
618 1910 746 1983 videor,
769 1913 854 1991 quim
878 1934 968 1992 quum

283 2013 335 2056 aut
350 1995 379 2053 in
395 1993 461 2053 foro
476 1991 671 2073 magistratus,
689 2008 737 2049 aut
750 1995 779 2050 in
796 1995 872 2052 curia
886 1989 973 2054 sena·'

281 2092 345 2136 tum
363 2073 474 2142 video,
491 2072 644 2133 somniare.

327 2151 436 2214 LXlX.
460 2151 603 2227 Etenim(
619 2173 656 2212 ex
680 2150 823 2212 divisione
844 2153 901 2212 hoc
922 2152 970 2213 se·'

285 2236 415 2297 cundum
426 2231 466 2293 est
478 2234 491 2313 )
505 2254 568 2314 quae
579 2230 619 2291 est
631 2235 811 2292 continuatio
826 2231 970 2311 conjunc-

284 2317 385 2397 tioque
404 2333 511 2374 naturae
535 2311 653 2393 (quam
673 2357 683 2384 ,
702 2332 734 2371 ut
753 2313 809 2372 dixi
828 2358 838 2386 ‚
860 2331 973 2376 vocant

285 2394 450 2468 eventilant
462 2392 481 2533 ζ
491 2390 652 2471 ejusmodi,
665 2411 696 2451 ut
706 2393 848 2454 thesaurus
859 2416 894 2455 ex
907 2417 970 2456 ovo

285 2475 408 2554 intelligi
423 2474 461 2532 de
482 2494 529 2534 eat
546 2473 557 2532 i
576 2472 652 2530 Nam
670 2475 775 2532 medici
793 2495 828 2533 ex
848 2477 972 2554 quibus-

288 2554 358 2615 dam
375 2555 460 2615 rebus
478 2555 510 2613 δι
528 2554 737 2624 advenientes,
755 2554 787 2612 δι
811 2554 972 2618 crescentes·

288 2635 410 2697 morbos
426 2636 607 2716 intelligunt:
624 2632 777 2692 nonnullas
788 2636 874 2692 etiam
889 2637 972 2698 vale·

287 2715 394 2775 tudinis
407 2714 649 2796 significationes3
664 2732 701 2771 ut·
712 2715 770 2773 hoc
786 2713 894 2794 ipsum,
927 2717 974 2776 le··

288 2798 319 2855 ni
331 2793 461 2856 enesline
473 2798 581 2868 simus,
593 2815 629 2853 ex
639 2795 768 2874 quodam
779 2815 886 2876 genere
898 2737 977 2855 stim·⁸

288 2878 404 2948 niorum
429 2877 551 3014 intelligi
573 2871 654 2956 polle
673 2875 783 2934 dicunt.
808 2873 978 2949 Thesaurus,

288 2958 383 3028 verb,
396 2955 428 3015 &
440 2958 508 3016 here
530 2961 601 3028 itas,
613 2956 644 3014 ὃ(
654 2955 767 3027 honos,
782 2955 814 3014 &
832 2950 987 3032 visloriaj*

289 3037 323 3098 ἂ
336 3035 427 3096 multa
444 3039 556 3118 generis
576 3034 792 3114 ejusdem-quai
808 3056 874 3095 cum
893 3035 974 3099 som·

289 3118 344 3179 niis
356 3117 478 3179 naturali
490 3117 664 3198 cognatione
677 3113 851 3198 junguntur?
