2709 4017
271 566 274 571 .
296 517 367 593 174
405 501 473 568 Da
494 516 666 569 uiuunt
690 518 895 587 uuonan,

293 614 418 687 ioelum,
437 613 548 676 deum?
566 634 637 695 ergo
657 615 745 674 etiam
763 616 880 678 beatum.
901 615 981 698 Qui·

293 693 348 752 buo
366 693 511 754 fruentem
531 694 751 774 voluptatibus?
772 696 803 755 &
816 698 982 777 sapientem.

293 771 357 850 Qui
380 772 475 853 potest
503 773 560 835 effe
586 776 615 833 in
638 770 780 851 ejusmodi
803 791 907 836 trunco
936 775 983 836 sa-

315 854 400 912 'entia
421 853 433 914 l
457 854 530 915 Haec
550 851 643 914 vestra
665 852 738 913 sunt.
765 853 795 914 si
814 857 898 938 igitur
925 877 982 917 nec

292 872 422 991 rumano
439 933 500 995 visu
520 979 531 1008 ‚
553 933 632 1015 quotl
652 932 738 992 docui
752 954 761 1003 ;
775 954 830 994 nec
852 936 900 995 tali
928 937 984 994 ali·

294 1030 377 1091 quo,
396 1013 477 1092 quod
490 1015 541 1074 tibi
554 1011 714 1094 persuasum
735 1011 796 1086 est3
811 1016 880 1094 quid
895 1013 986 1075 dubi-

296 1107 341 1150 tas
360 1112 465 1173 negare
487 1093 559 1153 deos
578 1091 654 1152 esse?
669 1089 739 1150 Non
750 1093 856 1153 audes:
873 1093 985 1173 sapien·

296 1185 342 1229 ter
358 1172 389 1229 id
408 1171 543 1251 quidem:
564 1173 618 1232 etsi
636 1170 694 1230 hoc
715 1171 783 1232 loco
803 1194 861 1231 non
883 1193 985 1255 popu-

298 1249 359 1308 lum
382 1255 515 1326 metuis,
537 1250 586 1312 sed
610 1249 686 1330 ipsos
711 1249 794 1312 deos.
818 1251 901 1313 Novi
926 1274 985 1337 ego

299 1325 458 1410 Epicureos
494 1333 593 1392 omnia
629 1328 721 1412 sigilla
755 1349 941 1393 numerantes
976 1353 985 1395 ι

303 1429 479 1492 quamquam
491 1411 581 1472 video
593 1408 739 1470 nonnullis
751 1411 844 1471 videti
855 1457 865 1485 ‚
878 1409 988 1493 Epicu-

303 1509 389 1561 rum,
406 1511 443 1552 ne
454 1495 482 1551 in
493 1489 686 1551 offensionem
700 1488 923 1552 Atheniensium
940 1513 989 1553 ca·

302 1569 406 1642 deret,
421 1572 520 1630 verbis
533 1572 584 1630 reli
607 1567 674 1628 uiffe
690 1568 783 1644 deos,
799 1591 830 1631 re
843 1570 990 1634 sustulisse.

302 1645 404 1727 Itaque
430 1651 461 1708 in
487 1649 542 1708 illis
569 1591 676 1710 silenis
708 1645 769 1726 ejus
796 1649 990 1733 brevibusque

302 1725 449 1788 sententiis
469 1772 480 1803 ,
503 1750 573 1811 quas
599 1727 749 1808 appellatis
771 1730 861 1809 anglae
883 1730 990 1807 iliae,

303 1807 365 1867 hac
385 1851 396 1877 ,
418 1826 450 1868 ut
476 1815 609 1889 opinor,
635 1809 729 1889 prima
753 1807 894 1868 sententia
919 1808 993 1873 esta

307 1889 393 1969 Quod
411 1889 516 1948 beatum
535 1889 732 1950 &immortale
750 1890 802 1969 est,
823 1890 854 1947 id
871 1909 920 1949 nec
940 1892 994 1950 ha·

306 1967 369 2041 let,
381 1988 430 2026 nec
442 1970 548 2029 exltibet
566 1972 691 2049 cuiquam
705 1971 847 2049 negotium.

350 2045 482 2110 XXXI.
502 2047 535 2110 ln
552 2049 606 2107 hac
624 2051 663 2107 ita
680 2050 812 2126 exposita
831 2046 997 2125 sententia,

308 2129 371 2191 sunt
393 2132 441 2210 qui
464 2127 648 2200 existiment,
672 2125 752 2206 quod
774 2125 822 2184 ille
846 2124 997 2192 inscientil

307 2210 396 2292 plane
415 2209 552 2286 loquendi
572 2205 694 2276 fecerit,
718 2201 811 2264 fecisse
831 2202 964 2268 consulti>
986 2229 994 2268 t

310 2289 348 2348 de
366 2289 484 2346 homine
501 2285 617 2345 minime
628 2281 712 2343 vafro
729 2284 803 2344 male
821 2282 996 2350 existimant.
1034 2300 1038 2305 '

309 2366 443 2423 Dubium
468 2364 509 2425 est
531 2365 638 2435 enim,
661 2365 758 2424 utrium
787 2363 862 2425 dicat
885 2365 996 2445 aliquid

311 2441 363 2504 iste
379 2442 499 2506 beatum
522 2445 554 2505 δι
575 2443 759 2517 immortale,
780 2465 817 2503 an
836 2489 845 2517 ‚
864 2446 886 2505 si
913 2446 996 2526 quod

312 2524 349 2584 sit
365 2523 503 2599 beatum,
523 2525 553 2585 id
570 2523 627 2585 else
643 2525 818 2584 immortale.
843 2524 913 2583 Non
935 2529 998 2586 ani·

312 2604 527 2678 madvettunt,
550 2605 596 2665 hle
619 2625 686 2665 eum
711 2604 843 2744 ambigue
865 2604 996 2684 locutum

313 2682 394 2758 elle3
415 2685 465 2746 sed
483 2685 579 2746 multis
599 2686 658 2745 aliis
678 2684 769 2755 locis,
840 2683 941 2758 illum,
963 2685 997 2745 &

314 2764 520 2826 Metrodorum
533 2780 593 2825 tam
607 2787 622 2824 a
663 2764 706 2823 tte
717 2808 726 2838 ‚
738 2763 825 2902 ἧυέιιπ
842 2764 929 2843 paulo
945 2785 998 2824 an·

314 2847 345 2905 te
375 2864 416 2908 te.
442 2844 494 2906 Ille
518 2846 591 2905 vero
640 2865 692 2904 eos
720 2863 736 2903 e
760 2864 776 2903 e
802 2860 912 2923 putat;
941 2863 998 2904 nec

315 2945 489 3007 quemquam
508 2925 594 2995 vidi,
611 2927 659 3004 qui
680 2925 769 3004 magis
787 2942 821 2982 ea
842 2969 851 2996 ‚
873 2943 936 3004 quat
956 2925 1000 2982 ti-

317 3006 424 3068 menda
440 3003 497 3069 effe
510 3022 648 3089 negaret,
661 3005 796 3078 timerem
815 3020 939 3066 mortem
954 3001 1000 3066 di·
