2709 4017
406 505 482 603 338
516 502 582 573 Da
606 517 780 603 armna
806 495 1018 591 nunaunt,

405 622 480 702 piter
501 616 625 678 fulmine
648 619 813 700 percussit,
833 638 901 682 nec
913 619 1093 702 AEsculapius

405 699 509 768 misero
533 699 727 783 diuturnoque
755 698 865 758 morbo
890 700 1093 762 tabescentem

403 781 550 841 interemit
563 799 572 853 ;
595 796 684 862 atque
698 783 729 839 in
743 778 794 839 suo
814 778 920 841 ledulo
938 800 1093 856 mortuus,

405 862 437 920 in
449 859 648 940 Tympanidis
662 879 768 943 rogum
782 858 876 920 illatus
893 858 954 933 ell3
968 882 1093 944 eamque

404 939 609 1021 potestatem,
639 962 727 1031 quam
755 938 815 1023 ipse
841 960 895 1021 per
914 939 1006 1002 scelus
1033 962 1094 1004 etat

407 1020 528 1093 nudius,
548 1023 629 1102 quasi
649 1020 751 1097 lustam
768 1021 800 1080 &
813 1020 973 1104 legitimam
986 1022 1000 1096 ‚'
1012 1024 1095 1084 here·

403 1101 501 1161 ditatis
519 1101 589 1162 loco
616 1098 680 1162 filio
703 1099 830 1161 tradidit.
859 1100 953 1161 Invita
979 1105 1010 1162 in
1036 1104 1094 1164 hoc

402 1183 473 1243 loco
487 1180 614 1243 versatur
625 1184 740 1254 orati03
760 1179 874 1241 videtur
893 1185 973 1245 enim
992 1183 1094 1244 auclo-

402 1264 518 1323 titatem
534 1259 636 1322 afferre
656 1262 806 1345 peccandi.
823 1261 913 1322 Rene
925 1263 1094 1340 videretur,

404 1344 514 1404 nisi&
536 1345 646 1404 virtutis
668 1386 684 1418 ,-
699 1343 730 1403 &
748 1343 921 1414 vitiorum,
951 1347 1015 1404 sine
1038 1344 1094 1404 ulla

405 1423 503 1486 divina
527 1424 662 1498 ratione,
702 1441 772 1482 rave
796 1423 885 1502 ipsius
910 1423 1095 1485 conscientia

429 1503 523 1564 ondus
542 1502 632 1576 esset3
650 1442 847 1584 qudasublatd,
866 1500 972 1583 jacent·
984 1507 1094 1565 omnia.

440 1585 545 1643 renim
563 1602 618 1642 nec
636 1583 768 1656 domus,
794 1602 849 1642 nec
866 1581 1028 1664 respublica
1047 1605 1096 1646 ra·

405 1662 631 1745 tione'quldam
652 1663 686 1723 &
706 1661 854 1742 disciplinl
877 1663 1029 1747 designata
1047 1667 1096 1726 vi·

409 1744 534 1818 demur,
554 1744 626 1803 siin
646 1743 757 1804 ea'nec
781 1742 858 1803 redit
875 1743 956 1805 fadis
977 1749 1095 1826 praemia

410 1815 522 1886 exstent
542 1824 622 1898 ulla,
644 1843 700 1883 nec
717 1821 855 1918 supplicia
879 1830 1033 1906 peccatis;
1056 1829 1095 1886 sic

409 1905 512 1966 mundi
532 1905 630 1965 divina
645 1907 675 1964 in
697 1905 829 1964 hommes
843 1905 1008 1968 moderatio
1047 1929 1096 1967 ro·

409 1986 487 2047 fedo
503 1986 580 2046 nulla
595 1983 656 2059 est,
675 1986 742 2044 siin
762 2004 797 2044 ea
816 1985 967 2046 discrimen
978 1929 1097 2063 nullutn

411 2066 453 2128 est
468 2069 615 2127 bonorum
634 2067 665 2126 &
678 2066 832 2126 malorum.

451 2147 502 2208 86.
523 2147 565 2206 At
578 2149 656 2207 enim
669 2148 790 2206 minora·
800 2146 838 2204 dii
855 2146 1028 2229 negligunt,
1046 2167 1099 2209 ne·

433 2247 469 2286 ue
489 2227 598 2308 agellos
614 2227 810 2308 singulorum,
825 2245 879 2287 nec
891 2227 1024 2287 viticulas
1033 2247 1099 2308 per-

409 2249 586 2387 ldquuntur3
604 2327 658 2366 nec
676 2351 688 2378 ,
717 2311 740 2366 si
763 2307 882 2378 uredo,
911 2322 978 2368 autr
985 2307 1098 2390 grando

411 2389 561 2468 quippiam
581 2388 701 2458 nocuit,
726 2388 756 2447 id
773 2388 841 2449 Jovi
862 2387 1099 2449 animadverten-

412 2469 484 2528 dum
495 2464 561 2527 fuit.
585 2466 632 2528 Ne
643 2470 673 2534 io
686 2469 780 2550 regnis
793 2467 911 2549 quidem
926 2485 1011 2550 teges
1030 2489 1099 2528 otn-

411 2551 460 2608 nia
470 2550 588 2608 minima
605 2567 725 2622 curanr3
744 2552 783 2608 sic
798 2551 876 2608 enirn
889 2548 999 2608 dicitis:
1018 2551 1099 2630 quasi

412 2649 470 2710 ego
493 2630 582 2710 paulb‘
609 2632 675 2690 antd
699 2631 735 2689 de
761 2628 854 2689 fundo
876 2627 1037 2689 Formiano
1065 2629 1097 2689 P.

412 2708 515 2770 Rutilii
528 2710 581 2769 sim
618 2708 711 2769 uestus
725 2753 735 2783 ‚
758 2729 819 2769 non
839 2708 876 2768 de
890 2707 987 2769 amilla
1000 2709 1099 2770 salute.

464 2730 633 2849 XXXVl.
653 2789 744 2870 Atqui
770 2791 827 2849 hoc
852 2789 971 2869 quidem
996 2787 1102 2850 omnes*

413 2870 553 2932 mortales
571 2869 611 2929 sic
635 2869 763 2943 habent,
780 2888 913 2931 externas
933 2871 1100 2931 commodi·

412 2968 509 3024 tates,
526 2951 650 3023 vineta,
672 2949 802 3032 segetes,
825 2952 957 3024 oliveta,
983 2952 1099 3011 uberta·

413 3048 476 3092 tem
488 3033 601 3115 frugum
618 3031 650 3092 &
667 3031 807 3095 fruduum
818 3077 827 3104 ‚
838 3051 959 3092 omnem
974 3033 1100 3107 denique
