2709 4017
686 396 699 429 l

401 515 477 610 306
514 512 579 579 Dr
602 524 777 580 mrwrra
801 523 1015 598 nrorwrr,

399 625 517 709 effugiat
534 624 696 706 accipiendi
717 620 823 701 aliquid
839 621 1020 687 extrinsecus
1033 625 1088 700 sid

400 706 459 780 est,
481 711 561 790 quasi
578 705 692 768 ferendi
716 703 749 764 &
772 702 901 782 pariendi
925 708 1090 768 necessita·

399 805 472 849 tem.
505 787 542 848 Et
561 833 570 863 ‚
592 788 616 845 si
637 804 728 846 omne
753 783 859 842 animal
882 786 1015 850 mortale
1030 785 1091 861 est,

397 869 564 930 immortale
578 866 687 928 nullum
704 862 754 924 est.
774 861 848 923 Etsi
867 885 960 928 omne
985 867 1092 929 animal

397 947 483 1010 secari
501 971 534 1010 ac
554 948 644 1010 dividi
664 943 780 1026 potest,
796 943 908 1005 nullum
924 944 969 1007 est
989 968 1092 1010 eorum

397 1030 601 1104 individuum,
616 1028 726 1088 nullum
735 1041 886 1085 aetemum.
910 1025 1011 1110 Atqui
1027 1049 1093 1090 om·

398 1130 437 1171 ne
451 1111 556 1170 animal
572 1110 610 1169 ad
627 1105 826 1188 accipiendam
841 1107 904 1166 vim
917 1125 1094 1191 externam,

399 1191 434 1253 &
452 1190 602 1253 ferendam
620 1205 753 1271 paratum
775 1182 834 1246 est:
857 1188 987 1249 mortale
1008 1191 1093 1272 igitur

399 1292 489 1333 omne
502 1273 628 1342 animal,
647 1271 680 1330 &
691 1264 872 1341 dissolubile,
888 1268 923 1328 &
936 1267 1089 1330 dividuum

403 1354 441 1412 sit
454 1350 565 1414 necelle
582 1350 632 1412 est.

444 1451 492 1511 30.
513 1432 558 1494 Ut
575 1434 673 1500 enim,
693 1429 716 1488 si
733 1428 827 1488 omnis
844 1446 912 1487 cera
928 1445 1094 1490 commuta·

399 1513 463 1572 bilis
481 1511 573 1584 effer,
592 1505 741 1570 nihiless'et
759 1526 896 1581 cereum,
913 1509 999 1589 quod
1010 1531 1093 1572 com·

400 1596 505 1652 mutari
526 1613 586 1651 non
606 1587 717 1671 pollet:
734 1590 805 1648 item
819 1587 919 1647 nihila
954 1606 1093 1665 careum,

401 1670 473 1731 nihil
491 1691 625 1743 terreum,
645 1672 668 1742 si
684 1668 926 1729 commutabilise
951 1688 1094 1732 erratura

401 1755 513 1834 argenti
529 1753 562 1812 &
574 1753 652 1812 aeris:
677 1748 807 1808 similiter
822 1750 928 1830 igitur,
941 1751 966 1810 sl
977 1755 1094 1825 omnia,

402 1854 466 1914 quae
479 1831 563 1906 sunt,
581 1853 598 1893 e
616 1830 717 1914 quibus
737 1826 839 1888 cunsta
855 1827 1011 1907 constant,
1029 1853 1095 1893 mtr-

402 1914 501 1974 tabilia
527 1914 618 1984 sunt3
649 1910 759 1971 nullum
781 1929 886 1989 eorpus
912 1907 974 1970 ess'e
999 1909 1095 1993 potest

404 2015 464 2054 non
479 1994 633 2068 mutabile:
654 1989 802 2050 mutabilia
821 2005 918 2050 autem
941 1989 1008 2053 sum
1026 1993 1095 2067 illa,

403 2094 441 2136 ex
462 2076 564 2154 quihus
587 2075 686 2134 omnia
705 2067 861 2140 constant,
881 2086 913 2129 ur
935 2073 1026 2132 vobin
1047 2075 1093 2134 ri·

404 2154 489 2214 detur
506 2176 514 2214 ε
542 2173 631 2214 omne
655 2153 742 2234 igitur
762 2169 868 2230 corpus
883 2153 1029 2214 mutabile
1045 2152 1094 2215 est.

402 2235 445 2294 At
469 2236 493 2292 si
523 2233 593 2293 ellet
622 2251 728 2311 corpus
756 2230 875 2368 alilwd
903 2233 1095 2307 immortale,

403 2333 472 2387 non,
484 2310 553 2372 effer
576 2332 665 2372 omne
690 2311 855 2370 mutabie:
885 2313 924 2370 ita
952 2311 1094 2390 efficitur,

403 2410 434 2452 ut
447 2411 536 2450 omne
550 2413 655 2473 corpus
675 2391 800 2451 mortale
818 2392 864 2450 sit.
888 2388 1009 2452 Etenim
1028 2416 1097 2455 om*

403 2493 442 2534 tre
460 2492 565 2552 corpus
582 2489 630 2533 aur
649 2493 748 2554 aqua,
769 2487 817 2531 aut
837 2473 906 2543 atr,
927 2491 979 2534 aut
1001 2476 1096 2556 ignis,

404 2570 453 2613 aut
468 2570 544 2613 terra
558 2553 598 2614 est
610 2600 619 2627 ‚
643 2552 753 2626 antid,
766 2550 848 2632 quod
861 2549 902 2611 est
920 2574 1094 2616 concretum

404 2655 442 2695 ex
455 2634 521 2706 his,
540 2655 587 2696 aut
600 2656 637 2696 ex
654 2636 749 2714 aliqua
760 2649 842 2713 parte
853 2650 976 2694 eorum:
991 2635 1097 2697 horum

405 2732 501 2776 autem
519 2717 587 2776 nihil
600 2715 640 2776 est
653 2760 663 2788 ‚
681 2716 756 2794 ,quin
769 2715 901 2772 intereat.

447 2815 496 2874 31.
517 2795 594 2858 Nam
610 2797 642 2856 &
660 2812 806 2854 terrenum
828 2813 918 2855 omne
932 2793 1096 2871 dividitur,

407 2877 561 2938 &humor
584 2880 624 2935 ita
646 2875 743 2933 mollis
761 2871 802 2932 est
821 2917 831 2946 ,
857 2888 889 2932 ut
906 2872 993 2936 facil&
1012 2897 1099 2938 com·

403 2960 511 3040 primi,
531 2956 687 3037 collidique
706 2955 800 3095 forsit
819 2975 826 3012 :
847 2954 921 3034 ignis
939 2958 1036 3032 verb,
1061 2958 1095 3018 δι

406 3044 456 3100 a'e'r
470 3041 551 3106 omni
567 3035 689 3120 impulsu
718 3033 840 3097 aculimt
852 3034 995 3116 pellitur,
1012 3055 1100 3101 natur
