2709 4017
396 454 463 526 172
502 433 567 501 DE
588 426 762 501 unrunn
786 451 990 517 monum,

434 547 484 607 81.
497 544 586 625 Quid
614 548 637 604 si
655 549 760 617 etiam,
777 543 896 618 Vellei,
915 544 1018 605 falsum
1043 547 1084 608 ils

392 626 443 687 lud
465 628 586 686 omnino
604 623 672 699 est,
697 625 803 684 nullam
828 627 910 685 aliam
933 626 1019 686 nobis
1041 628 1082 688 de

393 706 451 767 deo
480 705 671 786 cogitantibus
694 707 848 786 speciem,
877 707 929 764 nisi
952 706 1082 766 hominis

392 784 566 845 occurrere?
587 802 723 845 tamenne
742 783 792 843 ista
808 802 866 843 tam
881 783 1002 845 absurda
1023 787 1081 845 de-

392 864 526 925 tendes?
549 863 643 923 Nobis
669 863 786 924 fortaffe
805 867 845 923 sic
868 868 1019 938 occurrit,
1048 882 1086 938 ut,

393 945 464 1003 dicis
484 964 491 1002 :
521 943 654 1015 Iovem,
687 943 859 1016 Junonem,
884 943 1081 1020 Minervam,

393 1022 588 1103 Neptunum,
606 1023 792 1101 Vulcanum,
811 1021 982 1103 Apollinem
1000 1069 1009 1095 ,
1033 1045 1082 1084 re·

393 1104 488 1184 liquos
508 1104 601 1173 dens,
620 1103 655 1162 ed
670 1103 896 1163 facie‘novimus
913 1150 922 1177 ,
941 1103 997 1182 qud
1019 1107 1082 1184 pic·

394 1199 502 1255 tores,
522 1182 690 1262 fitioresque
714 1184 866 1243 voluerunt
882 1176 900 1242 :'
913 1202 1008 1262 neque
1033 1183 1082 1243 so·

396 1263 458 1345 lium
479 1262 552 1330 facie
565 1307 575 1333 ,
591 1262 640 1322 sed
655 1266 743 1323 etiam
760 1280 883 1335 ornatu,
896 1281 979 1322 aetate
991 1306 1001 1334 ‚
1014 1284 1084 1323 ves·

396 1345 461 1401 titu.
485 1341 527 1421 At
542 1364 601 1401 non
619 1343 772 1422 AEgyptii,
790 1363 843 1401 nec
861 1343 947 1422 Syri,
964 1362 1018 1402 nec
1032 1343 1081 1404 fe-

397 1423 430 1479 τὲ
443 1421 542 1479 cundia
561 1422 708 1479 barbaria:
723 1419 863 1481 firmiores
883 1426 959 1482 enim
979 1424 1082 1482 videas

397 1499 474 1578 apud
491 1519 542 1557 eos
557 1502 710 1577 opiniones
727 1498 783 1563 effe
799 1501 836 1559 de
853 1500 947 1560 bestiis
964 1502 1081 1580 quibus·

397 1579 486 1662 dam,
503 1577 589 1658 quim
607 1578 684 1657 apud
699 1598 753 1638 nos
767 1579 804 1648 de
815 1579 990 1644 fundissimis
1006 1599 1083 1641 tem·

396 1658 452 1740 plis
472 1657 675 1716 &simulacris
695 1658 829 1720 deorum.

433 1735 490 1798 θα.
516 1736 632 1798 Etenim
647 1736 714 1798 fana
734 1740 825 1806 multa
841 1738 1024 1820 ,exspoliata‚
1050 1740 1082 1800 ὃ(

400 1818 549 1877 simulacra
582 1818 704 1878 deorum
735 1820 772 1878 de
798 1820 883 1879 ioc'is'
903 1818 1083 1880 fundissimis

399 1899 494 1958 ablata
510 1898 644 1970 videmus
659 1920 676 1956 a
693 1898 810 1965 nostris:
828 1915 856 1956 at
872 1900 943 1958 veri)
959 1919 997 1957 ne
1017 1900 1085 1958 fan·

400 1979 441 2037 do
456 1976 576 2057 quidem
593 1976 721 2044 auditum
738 1975 779 2035 est
788 2019 798 2055 ,
815 1977 1015 2046 crocodilum,
1034 1996 1085 2039 aut

399 2059 499 2128 ibim,
521 2071 572 2123 put
597 2053 685 2112 felem
707 2053 846 2112 violatum
867 2053 903 2110 ab
926 2052 960 2110 AE
980 2059 1086 2132 yptio.

400 2134 483 2211 Quid
498 2133 584 2211 igitur
599 2129 717 2188 censes?
735 2133 823 2209 Apim
840 2131 939 2203 illum,
953 2072 1085 2196 dudum

400 2213 608 2291 AEgyptiorum
622 2210 733 2267 bovem
748 2253 757 2279 ‚
769 2231 869 2271 nonne
880 2210 965 2270 deum
988 2215 1084 2277 videri

398 2288 438 2351 Ε
459 2287 574 2367 yptiis?
598 2304 657 2346 tam
679 2288 804 2363 hercle,
827 2290 912 2372 quim
928 2291 980 2350 tibi
1002 2294 1084 2356 illam

398 2390 440 2447 nu
480 2388 526 2426 am
541 2367 702 2448 Sospitam,
720 2390 806 2448 quam
823 2388 853 2436 tu
870 2393 1028 2452 numquam
1045 2395 1083 2435 ne

397 2451 430 2508 in
447 2448 554 2509 somnis
575 2449 694 2530 quidem
716 2449 824 2523 vides,
842 2454 895 2512 nisi
910 2473 978 2515 'cum
1004 2454 1083 2532 pelle

399 2531 516 2609 caprina
535 2574 544 2602 ‚
565 2548 630 2588 cum
646 2527 725 2601 ‘hasta
743 2576 753 2603 ‚
774 2552 839 2599 cum
857 2532 964 2591 scutulo
983 2577 993 2604 ‚
1015 2553 1083 2593 cum

399 2609 534 2669 calceolis
552 2610 697 2688 repandis.
717 2610 759 2668 At
775 2632 834 2680 non
854 2611 894 2672 est
915 2612 978 2670 talis
997 2610 1085 2692 Argi·

400 2711 460 2763 va,
479 2709 533 2747 nec
552 2685 687 2747 Romana
704 2689 791 2749 Juuo.
809 2690 889 2771 Ergo
905 2692 958 2750 alia
972 2689 1083 2768 species

399 2765 521 2830 Iunonis
531 2766 647 2907 Argivis
657 2811 666 2838 ‚
677 2767 731 2826 alia
743 2767 908 2829 Lanuvinis.
918 2770 954 2829 Et
965 2770 1083 2850 quidem

399 2848 556 2987 piiajtobis
600 2846 750 2927 apitolini,
767 2849 820 2909 alia
832 2849 910 2912 Afris
923 2849 1084 2912 Ammonis
1132 2849 1134 2871 ⁴

418 2947 492 2990 ovis.
857 2968 860 2973 ,
1084 2942 1092 2957 ¹
