2709 4017
383 518 464 625 '34⁶
514 522 583 608 Da
614 543 944 615 ommim,

382 642 417 703 ἃ
441 640 597 717 salutaris,
623 641 757 701 simodb
782 639 931 715 estulla3
955 641 1075 724 quilque

382 722 515 805 proxime
534 723 571 783 ad
590 724 714 783 deorum
732 724 794 780 vim
814 742 915 780 natura
939 724 1075 785 monafis

383 806 476 887 pessit
494 803 644 867 accedere.
666 803 768 884 ltaque
782 819 814 862 ut
828 802 883 861 alia
895 823 950 861 nos
967 804 1075 867 melius

384 872 473 943 tit'n'lt'a
491 883 579 963 quim
594 883 709 956 Graeci,
727 885 768 941 sic
786 883 853 941 huic
872 881 1075 962 praestantissi-

382 985 438 1023 mae
457 967 496 1024 rei
514 986 623 1024 nomen
641 964 729 1022 nostri
747 986 764 1022 a
781 963 880 1036 divis,
902 961 1021 1040 Graeci,
1042 983 1074 1026 ut

381 1043 467 1106 Pluto
486 1046 710 1125 interpretatur,
727 1064 744 1101 a
760 1042 859 1103 furore
877 1044 1033 1108 duxerunt.

425 1143 456 1184 2.
474 1122 607 1185 Gentem
622 1124 740 1206 quidem
759 1124 866 1183 nullam
884 1125 997 1199 video,
1017 1145 1073 1187 ne·

383 1225 441 1287 que
462 1223 520 1265 tam
537 1207 691 1266 humanam
709 1222 797 1284 atque
815 1204 955 1277 dociam,
975 1226 1074 1286 neque

383 1305 443 1346 tam
462 1289 620 1347 immanem
633 1305 720 1365 atque
736 1285 909 1358 barbaram,
928 1307 992 1366 quae
1010 1307 1074 1346 non

383 1366 535 1450 significari
552 1367 644 1427 lutura
657 1367 715 1442 ‚081
737 1387 753 1423 a
772 1364 940 1446 quibusdam
959 1368 1073 1426 intelli-

383 1449 443 1531 gi,
467 1448 641 1529 praedicique
666 1443 746 1526 polle
775 1447 898 1505 censeat.
927 1445 1074 1528 Principii>

384 1527 519 1607 Assyrii,
536 1546 568 1588 ut
584 1530 620 1587 ab
639 1529 746 1586 ultimis
763 1526 961 1586 aucloritatem
980 1548 1073 1607 repe-

383 1624 460 1678 tam,
482 1627 604 1688 propter
621 1607 769 1686 planitiem
783 1607 1073 1689 magnitudinemque

383 1691 557 1769 regionum,
574 1708 645 1768 quas
660 1686 847 1759 incolebant,
858 1708 947 1768 quum
961 1689 1072 1749 coelum

382 1788 422 1828 ex
441 1771 521 1828 omni
540 1784 622 1849 parte
642 1784 746 1848 patens
768 1786 853 1848 atque
872 1790 889 1827 a
910 1787 1005 1828 ertum
1027 1769 1072 1828 in·

383 1864 531 1909 tuerentur
551 1893 561 1923 ‚
586 1846 769 1927 uajecliones
794 1790 946 1930 mutuique
972 1847 1073 1910 stella-

382 1951 448 1996 tum
477 1929 730 1990 observitaverunt
753 1949 764 2002 ;
792 1930 894 2010 quibus
926 1933 1034 1988 notatis
1059 1973 1071 2004 ,

404 2010 452 2069 uid
474 2012 577 2091 cuique
591 2008 815 2092 significaretur,
833 2011 981 2068 memoriae
997 2030 1071 2090 pro·

383 2030 531 2152 lliderunt.
555 2090 625 2171 Qua
642 2092 672 2149 in
694 2091 811 2150 natione
830 2087 984 2163 chaldaei,
1008 2111 1070 2152 non

384 2191 423 2232 ex
439 2175 524 2245 artis,
540 2170 589 2232 sed
607 2193 643 2231 ex
658 2174 751 2252 gentis
767 2171 913 2231 vocabulo
934 2173 1072 2231 nomina·

382 2254 423 2325 ti,
440 2252 572 2313 diuturna
588 2249 793 2312 observatione
806 2251 953 2325 siderum,
973 2250 1071 2312 scien·

382 2335 452 2390 tiam
470 2349 606 2411 putantur
623 2329 764 2405 effecille,
780 2350 812 2391 ut
819 2333 943 2473 ἔξιτειεάἰεὶ
957 2331 1070 2412 pollet,

383 2411 453 2551 quid
474 2413 578 2492 cuique
602 2429 796 2487 eventurum,
870 2434 929 2493 quo
949 2411 1072 2494 quisque

397 2511 446 2575 ato
473 2510 555 2552 natus
581 2490 661 2553 ellet.
692 2490 834 2553 Eamdem
861 2511 951 2553 artem
979 2497 1071 2554 etiam

382 2572 516 2654 Egyptii
528 2573 739 2655 longinquitate
751 2590 918 2653 temporum
931 2577 1070 2634 innume·

381 2653 519 2714 rabilibus
539 2674 616 2735 pene
636 2655 737 2714 seculis
758 2653 903 2733 consecuti
922 2671 1073 2735 putantur.

383 2731 510 2795 Cilicum
527 2747 626 2795 autem
641 2733 843 2794 &Pisidarum
862 2755 954 2816 gens,
978 2735 1010 2794 &
1025 2735 1071 2794 his

381 2812 502 2876 finitima
511 2813 813 2895 Pamphylia‚quibus
823 2816 990 2875 nationibus
998 2837 1071 2895 prae·

379 2894 486 2958 fuimus
497 2897 570 2976 ipsi,
586 2894 731 2956 volatibus
744 2897 842 2955 avium
858 2894 1072 2976 cantibusque,

379 2995 412 3037 ut
435 2975 598 3038 certissimis
609 2977 695 3057 signis
703 2991 722 3050 4,
740 2974 877 3036 declarari
891 2996 937 3036 res
958 2974 1071 3038 futuras

377 3073 493 3137 putant.
513 3055 613 3137 Quam
629 3056 703 3117 verb
719 3054 834 3120 Gtaecia
851 3057 999 3117 coloniam
1014 3060 1070 3118 mi·
