2709 4017
411 505 494 588 144
525 491 590 560 Dr
614 508 786 562 narona
812 501 1014 575 urorum,

411 613 488 682 ruit,
507 627 632 690 eumque
648 608 748 689 gigni,
767 603 881 686 ess'eque
898 601 1071 665 immensum
1081 617 1094 676 ᾖ

414 689 448 749 &
468 685 634 762 infinitum,
655 689 688 745 &
709 685 821 765 semper
837 688 866 745 in
888 703 991 745 motu:
1011 687 1093 765 quasi

412 782 462 827 aut
478 771 526 826 assr
546 771 608 828 sine
626 766 683 827 ulla
702 765 796 824 forma
814 765 885 824 deus
905 763 961 825 elle
980 768 1093 845 possit,

422 849 502 906 ‘uum
515 848 670 926 praesertim
692 845 778 905 deum
793 867 854 904 non
873 846 964 905 modo
980 846 1092 926 aliqud,

411 867 462 988 sed
486 926 676 1008 pulcherrimi
700 924 795 1006 specie
818 922 874 985 esse
897 925 1021 998 decear3
1044 941 1093 984 aut

412 1027 473 1066 non
492 1027 604 1081 omne,
631 1005 712 1088 quod
734 1001 831 1066 bitum
853 1006 910 1080 sit,
934 1005 1093 1065 mortalitas

411 1085 610 1168 consequatur.

453 1165 512 1227 XI.
530 1165 603 1227 lude
623 1164 834 1246 Anaxagoras,
860 1165 908 1260 qui
926 1166 1038 1244 accepit
1055 1163 1093 1225 ab

413 1245 596 1322 Anaximene
617 1245 818 1326 disciplinam,
835 1264 942 1325 primus
961 1247 1094 1304 omnium

412 1345 509 1387 rerum
528 1327 751 1408 descriptionem
775 1325 806 1386 &
827 1325 968 1396 modum,
986 1327 1094 1384 mentis

413 1406 529 1467 infinitae
551 1409 582 1468 vi
604 1426 636 1465 ac
661 1408 772 1466 ratione
795 1404 934 1485 designari
960 1405 993 1462 &
1017 1425 1095 1464 con·

413 1479 461 1545 fici
478 1486 590 1556 voluir3
608 1489 638 1544 in
652 1502 712 1621 qpo
729 1504 789 1543 non
805 1483 899 1554 vidit,
917 1501 1014 1562 neque
1025 1505 1095 1545 mo·

411 1583 475 1623 tum
496 1564 585 1624 sensui
605 1561 655 1641 jun
685 1583 733 1621 um
754 1564 785 1621 δι
807 1563 1032 1636 continentem,
1064 1566 1093 1624 in

413 1641 526 1702 infinito
548 1642 638 1701 ullum
658 1639 714 1700 ess’e
733 1639 838 1720 poile3
865 1660 961 1722 neque
981 1640 1093 1705 sensum

414 1724 536 1781 omnin'o
551 1766 561 1795 ‚
579 1741 638 1801 quo
658 1741 718 1780 non
734 1715 792 1799 ipsa
812 1735 910 1784 natura
929 1720 1007 1800 pulsa
1026 1723 1094 1784 sen·

411 1803 489 1875 ciret.
508 1800 627 1862 Deinde
646 1803 668 1859 si
690 1815 819 1860 mentem
835 1798 915 1860 istam
934 1804 1015 1881 quasi
1032 1806 1095 1862 ani·

412 1882 472 1942 mal
488 1881 605 1964 aliquod
626 1879 683 1942 esse
702 1881 816 1953 voluit,
841 1883 895 1941 erit
917 1881 1023 1961 aliquid
1045 1884 1094 1943 in-

412 1965 523 2036 terius,
549 1983 585 2022 ex
607 1982 666 2042 quo
691 1961 761 2021 illud
778 1963 881 2021 animal
899 1964 1092 2024 nominetur:

413 2043 483 2124 quid
500 2059 597 2103 autern
614 2043 732 2100 interius
748 2041 869 2101 mente?
891 2043 1022 2122 cingatur
1036 2045 1095 2124 igi-

412 2140 460 2182 tur
477 2140 602 2202 corpore
620 2137 761 2180 externo:
780 2121 860 2199 quod
879 2123 1016 2197 quoniam
1031 2144 1092 2183 non

412 2203 529 2282 placet3
544 2216 643 2279 aperta
659 2198 838 2277 simplexque
852 2217 951 2269 mens,
969 2200 1093 2263 nullisne

412 2278 564 2356 adjundli,
588 2278 645 2357 qual
666 2274 768 2336 sentire
794 2279 903 2357 possit,
925 2276 1094 2359 fugerein-

412 2358 578 2438 relligentiae
599 2354 701 2433 nostrae
724 2359 784 2417 vim
809 2357 840 2415 δι
869 2360 1023 2419 notionem
1045 2363 1093 2423 vi·

412 2437 506 2497 detur.
555 2452 558 2457 ·

454 2509 502 2593 Ξ7.
526 2513 712 2576 Crotoniates
738 2533 834 2576 autem
860 2515 1015 2591 Alcmaeo,
1043 2521 1093 2601 qui

412 2596 465 2656 soli
481 2600 513 2657 ὃ(
531 2597 604 2654 lunae
621 2594 788 2677 reliquisque
802 2598 962 2670 sideribus,
983 2601 1094 2659 animo·

434 2695 471 2737 ue
499 2695 659 2757 praterea,
689 2679 865 2737 divinitatem
894 2678 974 2737 dedit
995 2724 1005 2752 ,
1030 2701 1094 2739 non

412 2698 519 2829 sensit,
539 2755 597 2816 sese
619 2758 787 2817 mortalibus
812 2759 896 2816 rebus
921 2759 1094 2818 immortali·

413 2837 505 2896 {atem
527 2835 604 2895 dare.
623 2835 700 2896 Nam
723 2836 926 2918 Pythagoras,
946 2841 993 2918 qui
1018 2859 1093 2898 cen-

415 2915 495 2989 suit,
522 2918 647 2974 animum
676 2915 732 2977 esse
759 2935 811 2994 per
841 2933 968 2977 naturam
996 2937 1092 2978 rerum

414 3010 536 3057 omnem
545 2998 688 3059 intentum
701 2998 733 3062 δι
742 3016 974 3070 commeantem,
987 3015 1023 3056 ex
1032 3017 1092 3075 quo

876 3126 880 3135 ,
1004 3074 1095 3139 nostri
