<?xml version="1.0" encoding="UTF-8"?>
<!DOCTYPE html PUBLIC "-//W3C//DTD XHTML 1.0 Transitional//EN"
    "http://www.w3.org/TR/xhtml1/DTD/xhtml1-transitional.dtd">
<html xmlns="http://www.w3.org/1999/xhtml" xml:lang="en" lang="en">
 <head>
  <title>
</title>
<meta http-equiv="Content-Type" content="text/html;charset=utf-8" />
  <meta name='ocr-system' content='tesseract 3.04.00' />
  <meta name='ocr-capabilities' content='ocr_page ocr_carea ocr_par ocr_line ocrx_word'/>
</head>
<body>
  <div class='ocr_page' id='page_1' title='image "./mtulliiciceroni10lallgoog/mtulliiciceroni10lallgoog_0226.png"; bbox 0 0 2709 4017; ppageno 0'>
   <div class='ocr_carea' id='block_1_1' title="bbox 371 472 992 560">
    <p class='ocr_par' dir='ltr' id='par_1_1' title="bbox 371 472 992 560">
     <span class='ocr_line' id='line_1_1' title="bbox 371 472 992 560; baseline -0.008 -9"><span class='ocrx_word' id='word_1_1' title='bbox 371 498 448 559; x_wconf 75' lang='lat'>2120</span> <span class='ocrx_word' id='word_1_2' title='bbox 492 477 560 546; x_wconf 78' lang='lat' dir='ltr'>Da·</span> <span class='ocrx_word' id='word_1_3' title='bbox 584 493 756 546; x_wconf 31' lang='lat' dir='ltr'>rattruut</span> <span class='ocrx_word' id='word_1_4' title='bbox 782 472 992 560; x_wconf 74' lang='lat' dir='ltr'>unort&#39;vrr,</span> 
     </span>
    </p>
   </div>
   <div class='ocr_carea' id='block_1_2' title="bbox 370 589 1070 3078">
    <p class='ocr_par' dir='ltr' id='par_1_2' title="bbox 370 589 1070 2176">
     <span class='ocr_line' id='line_1_2' title="bbox 370 589 1070 674; baseline -0.004 -22"><span class='ocrx_word' id='word_1_5' title='bbox 370 613 457 674; x_wconf 81' lang='lat' dir='ltr'>purus</span> <span class='ocrx_word' id='word_1_6' title='bbox 475 613 508 652; x_wconf 86' lang='lat' dir='ltr'>ac</span> <span class='ocrx_word' id='word_1_7' title='bbox 522 594 636 663; x_wconf 82' lang='lat' dir='ltr'>tenuis,</span> <span class='ocrx_word' id='word_1_8' title='bbox 656 589 743 670; x_wconf 77' lang='lat' dir='ltr'>quim</span> <span class='ocrx_word' id='word_1_9' title='bbox 762 591 897 659; x_wconf 90' lang='lat' dir='ltr'>illorum,</span> <span class='ocrx_word' id='word_1_10' title='bbox 914 591 962 669; x_wconf 89' lang='lat' dir='ltr'>qui</span> <span class='ocrx_word' id='word_1_11' title='bbox 975 606 1070 649; x_wconf 63' lang='lat' dir='ltr'>utam·</span> 
     </span>
     <span class='ocr_line' id='line_1_3' title="bbox 372 669 1063 751; baseline -0.004 -19"><span class='ocrx_word' id='word_1_12' title='bbox 372 686 423 733; x_wconf 86' lang='lat' dir='ltr'>tur&#39;</span> <span class='ocrx_word' id='word_1_13' title='bbox 446 670 535 731; x_wconf 83' lang='lat' dir='ltr'>craffo</span> <span class='ocrx_word' id='word_1_14' title='bbox 566 673 644 730; x_wconf 84' lang='lat' dir='ltr'>coelo</span> <span class='ocrx_word' id='word_1_15' title='bbox 672 690 759 751; x_wconf 90' lang='lat' dir='ltr'>atque</span> <span class='ocrx_word' id='word_1_16' title='bbox 791 686 942 729; x_wconf 89' lang='lat' dir='ltr'>concreto.</span> <span class='ocrx_word' id='word_1_17' title='bbox 974 669 1063 748; x_wconf 89' lang='lat' dir='ltr'>Quin</span> 
     </span>
     <span class='ocr_line' id='line_1_4' title="bbox 372 749 1062 832; baseline -0.004 -20"><span class='ocrx_word' id='word_1_18' title='bbox 372 755 481 822; x_wconf 79' lang='lat' dir='ltr'>etiam,</span> <span class='ocrx_word' id='word_1_19' title='bbox 502 754 569 811; x_wconf 92' lang='lat' dir='ltr'>cibo</span> <span class='ocrx_word' id='word_1_20' title='bbox 583 772 642 830; x_wconf 91' lang='lat' dir='ltr'>quo</span> <span class='ocrx_word' id='word_1_21' title='bbox 661 769 771 824; x_wconf 87' lang='lat' dir='ltr'>utare,</span> <span class='ocrx_word' id='word_1_22' title='bbox 792 749 925 809; x_wconf 72' lang='lat' dir='ltr'>interesse</span> <span class='ocrx_word' id='word_1_23' title='bbox 950 750 1062 832; x_wconf 89' lang='lat' dir='ltr'>aliquid</span> 
     </span>
     <span class='ocr_line' id='line_1_5' title="bbox 372 829 1066 913; baseline -0.006 -20"><span class='ocrx_word' id='word_1_24' title='bbox 372 832 524 901; x_wconf 68' lang='lat' dir='ltr'>adimentis</span> <span class='ocrx_word' id='word_1_25' title='bbox 541 834 631 891; x_wconf 86' lang='lat' dir='ltr'>aciem</span> <span class='ocrx_word' id='word_1_26' title='bbox 642 849 754 910; x_wconf 88' lang='lat' dir='ltr'>putant.</span> <span class='ocrx_word' id='word_1_27' title='bbox 771 830 924 889; x_wconf 82' lang='lat' dir='ltr'>Probabile</span> <span class='ocrx_word' id='word_1_28' title='bbox 945 829 985 889; x_wconf 89' lang='lat' dir='ltr'>est</span> <span class='ocrx_word' id='word_1_29' title='bbox 1009 834 1066 913; x_wconf 86' lang='lat' dir='ltr'>igi·</span> 
     </span>
     <span class='ocr_line' id='line_1_6' title="bbox 371 911 1064 993; baseline -0.003 -20"><span class='ocrx_word' id='word_1_30' title='bbox 371 927 440 984; x_wconf 57' lang='lat' dir='ltr'>tur,</span> <span class='ocrx_word' id='word_1_31' title='bbox 450 911 630 992; x_wconf 79' lang='lat' dir='ltr'>praestantem</span> <span class='ocrx_word' id='word_1_32' title='bbox 639 912 858 993; x_wconf 86' lang='lat' dir='ltr'>intelligentiam</span> <span class='ocrx_word' id='word_1_33' title='bbox 870 912 899 968; x_wconf 90' lang='lat' dir='ltr'>in</span> <span class='ocrx_word' id='word_1_34' title='bbox 917 912 1064 971; x_wconf 84' lang='lat' dir='ltr'>sideribus</span> 
     </span>
     <span class='ocr_line' id='line_1_7' title="bbox 373 988 1065 1072; baseline 0.001 -22"><span class='ocrx_word' id='word_1_35' title='bbox 373 988 451 1062; x_wconf 58' lang='lat' dir='ltr'>effei</span> <span class='ocrx_word' id='word_1_36' title='bbox 469 1014 533 1072; x_wconf 87' lang='lat' dir='ltr'>quae</span> <span class='ocrx_word' id='word_1_37' title='bbox 550 994 582 1051; x_wconf 87' lang='lat'>&amp;</span> <span class='ocrx_word' id='word_1_38' title='bbox 600 993 755 1051; x_wconf 77' lang='lat' dir='ltr'>aetheream</span> <span class='ocrx_word' id='word_1_39' title='bbox 772 991 872 1050; x_wconf 90' lang='lat' dir='ltr'>mundi</span> <span class='ocrx_word' id='word_1_40' title='bbox 889 1008 1003 1070; x_wconf 85' lang='lat' dir='ltr'>partem</span> <span class='ocrx_word' id='word_1_41' title='bbox 1017 994 1065 1051; x_wconf 90' lang='lat' dir='ltr'>in·</span> 
     </span>
     <span class='ocr_line' id='line_1_8' title="bbox 372 1071 1063 1152; baseline -0.004 -19"><span class='ocrx_word' id='word_1_42' title='bbox 372 1072 471 1133; x_wconf 73' lang='lat' dir='ltr'>colant</span> <span class='ocrx_word' id='word_1_43' title='bbox 482 1117 492 1143; x_wconf 86' lang='lat'>‚</span> <span class='ocrx_word' id='word_1_44' title='bbox 505 1074 536 1132; x_wconf 71' lang='grc' dir='ltr'>ὃ(</span> <span class='ocrx_word' id='word_1_45' title='bbox 554 1074 669 1131; x_wconf 83' lang='lat' dir='ltr'>marinis</span> <span class='ocrx_word' id='word_1_46' title='bbox 687 1071 863 1152; x_wconf 84' lang='lat' dir='ltr'>terrenisque</span> <span class='ocrx_word' id='word_1_47' title='bbox 877 1071 1063 1145; x_wconf 77' lang='lat' dir='ltr'>humoribus,</span> 
     </span>
     <span class='ocr_line' id='line_1_9' title="bbox 372 1151 1062 1231; baseline -0.001 -18"><span class='ocrx_word' id='word_1_48' title='bbox 372 1152 466 1231; x_wconf 79' lang='lat' dir='ltr'>longo</span> <span class='ocrx_word' id='word_1_49' title='bbox 482 1154 635 1213; x_wconf 86' lang='lat' dir='ltr'>intervallo</span> <span class='ocrx_word' id='word_1_50' title='bbox 653 1155 834 1226; x_wconf 86' lang='lat' dir='ltr'>extenuatis,</span> <span class='ocrx_word' id='word_1_51' title='bbox 851 1151 971 1210; x_wconf 88' lang='lat' dir='ltr'>alantur.</span> <span class='ocrx_word' id='word_1_52' title='bbox 985 1151 1062 1212; x_wconf 88' lang='lat' dir='ltr'>Sen-</span> 
     </span>
     <span class='ocr_line' id='line_1_10' title="bbox 371 1231 1064 1313; baseline -0.001 -20"><span class='ocrx_word' id='word_1_53' title='bbox 371 1231 434 1293; x_wconf 71' lang='lat' dir='ltr'>lum</span> <span class='ocrx_word' id='word_1_54' title='bbox 452 1252 549 1293; x_wconf 85' lang='lat' dir='ltr'>autem</span> <span class='ocrx_word' id='word_1_55' title='bbox 573 1232 711 1309; x_wconf 83' lang='lat' dir='ltr'>astrorum</span> <span class='ocrx_word' id='word_1_56' title='bbox 733 1250 818 1313; x_wconf 89' lang='lat' dir='ltr'>atque</span> <span class='ocrx_word' id='word_1_57' title='bbox 839 1232 1064 1312; x_wconf 83' lang='lat' dir='ltr'>intelligentiam</span> 
     </span>
     <span class='ocr_line' id='line_1_11' title="bbox 373 1314 1064 1391; baseline 0 -19"><span class='ocrx_word' id='word_1_58' title='bbox 373 1316 503 1381; x_wconf 63' lang='lat' dir='ltr'>maxime</span> <span class='ocrx_word' id='word_1_59' title='bbox 519 1315 645 1373; x_wconf 83' lang='lat' dir='ltr'>declarat</span> <span class='ocrx_word' id='word_1_60' title='bbox 663 1314 737 1372; x_wconf 92' lang='lat' dir='ltr'>ordo</span> <span class='ocrx_word' id='word_1_61' title='bbox 756 1333 857 1372; x_wconf 92' lang='lat' dir='ltr'>eorum</span> <span class='ocrx_word' id='word_1_62' title='bbox 880 1329 966 1391; x_wconf 88' lang='lat' dir='ltr'>atque</span> <span class='ocrx_word' id='word_1_63' title='bbox 986 1334 1064 1372; x_wconf 82' lang='lat' dir='ltr'>con·-</span> 
     </span>
     <span class='ocr_line' id='line_1_12' title="bbox 373 1391 1063 1473; baseline 0.001 -21"><span class='ocrx_word' id='word_1_64' title='bbox 373 1391 502 1453; x_wconf 83' lang='lat' dir='ltr'>stantia:</span> <span class='ocrx_word' id='word_1_65' title='bbox 523 1395 591 1454; x_wconf 84' lang='lat' dir='ltr'>nibil</span> <span class='ocrx_word' id='word_1_66' title='bbox 613 1393 652 1454; x_wconf 83' lang='lat' dir='ltr'>est</span> <span class='ocrx_word' id='word_1_67' title='bbox 671 1394 769 1466; x_wconf 90' lang='lat' dir='ltr'>enim,</span> <span class='ocrx_word' id='word_1_68' title='bbox 788 1392 868 1473; x_wconf 90' lang='lat' dir='ltr'>quod</span> <span class='ocrx_word' id='word_1_69' title='bbox 890 1395 1003 1452; x_wconf 88' lang='lat' dir='ltr'>ratione</span> <span class='ocrx_word' id='word_1_70' title='bbox 1028 1394 1063 1453; x_wconf 89' lang='lat'>&amp;</span> 
     </span>
     <span class='ocr_line' id='line_1_13' title="bbox 373 1472 1064 1552; baseline 0 -19"><span class='ocrx_word' id='word_1_71' title='bbox 373 1494 498 1533; x_wconf 82' lang='lat' dir='ltr'>numero</span> <span class='ocrx_word' id='word_1_72' title='bbox 522 1477 635 1533; x_wconf 88' lang='lat' dir='ltr'>moveri</span> <span class='ocrx_word' id='word_1_73' title='bbox 656 1477 748 1552; x_wconf 85' lang='lat' dir='ltr'>possit</span> <span class='ocrx_word' id='word_1_74' title='bbox 772 1476 832 1532; x_wconf 85' lang='lat' dir='ltr'>sine</span> <span class='ocrx_word' id='word_1_75' title='bbox 852 1472 1003 1544; x_wconf 88' lang='lat' dir='ltr'>consilio,</span> <span class='ocrx_word' id='word_1_76' title='bbox 1031 1476 1064 1533; x_wconf 94' lang='lat' dir='ltr'>in</span> 
     </span>
     <span class='ocr_line' id='line_1_14' title="bbox 373 1553 1068 1632; baseline 0 -21"><span class='ocrx_word' id='word_1_77' title='bbox 373 1575 434 1632; x_wconf 85' lang='lat' dir='ltr'>quo</span> <span class='ocrx_word' id='word_1_78' title='bbox 453 1553 523 1610; x_wconf 89' lang='lat' dir='ltr'>nihil</span> <span class='ocrx_word' id='word_1_79' title='bbox 540 1553 580 1612; x_wconf 88' lang='lat' dir='ltr'>est</span> <span class='ocrx_word' id='word_1_80' title='bbox 600 1557 806 1626; x_wconf 86' lang='lat' dir='ltr'>temerarium,</span> <span class='ocrx_word' id='word_1_81' title='bbox 830 1553 899 1611; x_wconf 90' lang='lat' dir='ltr'>nihil</span> <span class='ocrx_word' id='word_1_82' title='bbox 919 1555 1035 1612; x_wconf 89' lang='lat' dir='ltr'>varium</span> <span class='ocrx_word' id='word_1_83' title='bbox 1052 1581 1068 1628; x_wconf 68' lang='lat'>‚¹</span> 
     </span>
     <span class='ocr_line' id='line_1_15' title="bbox 373 1631 1064 1707; baseline 0.006 -17"><span class='ocrx_word' id='word_1_84' title='bbox 373 1632 443 1690; x_wconf 88' lang='lat' dir='ltr'>nihil</span> <span class='ocrx_word' id='word_1_85' title='bbox 463 1631 622 1690; x_wconf 83' lang='lat' dir='ltr'>fortuitum.</span> <span class='ocrx_word' id='word_1_86' title='bbox 643 1631 730 1691; x_wconf 88' lang='lat' dir='ltr'>Ordo</span> <span class='ocrx_word' id='word_1_87' title='bbox 743 1651 841 1691; x_wconf 83' lang='lat' dir='ltr'>autem</span> <span class='ocrx_word' id='word_1_88' title='bbox 855 1634 1002 1707; x_wconf 85' lang='lat' dir='ltr'>siderum,</span> <span class='ocrx_word' id='word_1_89' title='bbox 1028 1635 1064 1694; x_wconf 89' lang='lat'>&amp;</span> 
     </span>
     <span class='ocr_line' id='line_1_16' title="bbox 373 1709 1064 1792; baseline 0.006 -22"><span class='ocrx_word' id='word_1_90' title='bbox 373 1714 404 1771; x_wconf 88' lang='lat' dir='ltr'>in</span> <span class='ocrx_word' id='word_1_91' title='bbox 421 1714 501 1770; x_wconf 90' lang='lat' dir='ltr'>omni</span> <span class='ocrx_word' id='word_1_92' title='bbox 517 1714 677 1771; x_wconf 79' lang='lat' dir='ltr'>aeternitate</span> <span class='ocrx_word' id='word_1_93' title='bbox 694 1709 873 1786; x_wconf 86' lang='lat' dir='ltr'>constantia,</span> <span class='ocrx_word' id='word_1_94' title='bbox 891 1733 988 1792; x_wconf 84' lang='lat' dir='ltr'>neque</span> <span class='ocrx_word' id='word_1_95' title='bbox 1005 1735 1064 1774; x_wconf 85' lang='lat' dir='ltr'>na·</span> 
     </span>
     <span class='ocr_line' id='line_1_17' title="bbox 374 1792 1065 1874; baseline -0.003 -20"><span class='ocrx_word' id='word_1_96' title='bbox 374 1809 469 1854; x_wconf 87' lang='lat' dir='ltr'>turam</span> <span class='ocrx_word' id='word_1_97' title='bbox 486 1792 646 1873; x_wconf 80' lang='lat' dir='ltr'>significat,</span> <span class='ocrx_word' id='word_1_98' title='bbox 664 1793 703 1852; x_wconf 78' lang='lat' dir='ltr'>ell</span> <span class='ocrx_word' id='word_1_99' title='bbox 726 1796 804 1852; x_wconf 87' lang='lat' dir='ltr'>enim</span> <span class='ocrx_word' id='word_1_100' title='bbox 823 1795 908 1874; x_wconf 85' lang='lat' dir='ltr'>plena</span> <span class='ocrx_word' id='word_1_101' title='bbox 922 1796 1065 1868; x_wconf 88' lang='lat' dir='ltr'>rationis;</span> 
     </span>
     <span class='ocr_line' id='line_1_18' title="bbox 375 1871 1068 1953; baseline -0.003 -17"><span class='ocrx_word' id='word_1_102' title='bbox 375 1885 472 1953; x_wconf 83' lang='lat' dir='ltr'>neque</span> <span class='ocrx_word' id='word_1_103' title='bbox 487 1871 649 1947; x_wconf 80' lang='lat' dir='ltr'>fortunam,</span> <span class='ocrx_word' id='word_1_104' title='bbox 660 1894 724 1952; x_wconf 83' lang='lat' dir='ltr'>quae</span> <span class='ocrx_word' id='word_1_105' title='bbox 742 1877 831 1933; x_wconf 82' lang='lat' dir='ltr'>amica</span> <span class='ocrx_word' id='word_1_106' title='bbox 845 1877 977 1934; x_wconf 84' lang='lat' dir='ltr'>varietati</span> <span class='ocrx_word' id='word_1_107' title='bbox 988 1896 1068 1934; x_wconf 86' lang='lat' dir='ltr'>con·</span> 
     </span>
     <span class='ocr_line' id='line_1_19' title="bbox 375 1952 1066 2036; baseline 0.007 -25"><span class='ocrx_word' id='word_1_108' title='bbox 375 1952 505 2014; x_wconf 73' lang='lat' dir='ltr'>stantiam</span> <span class='ocrx_word' id='word_1_109' title='bbox 530 1955 646 2036; x_wconf 86' lang='lat' dir='ltr'>respuit.</span> <span class='ocrx_word' id='word_1_110' title='bbox 669 1955 706 2014; x_wconf 89' lang='lat' dir='ltr'>Se</span> <span class='ocrx_word' id='word_1_111' title='bbox 729 1958 803 2014; x_wconf 89' lang='lat' dir='ltr'>uitur</span> <span class='ocrx_word' id='word_1_112' title='bbox 826 1974 926 2035; x_wconf 84' lang='lat' dir='ltr'>ergo,</span> <span class='ocrx_word' id='word_1_113' title='bbox 949 1975 981 2014; x_wconf 92' lang='lat' dir='ltr'>ut</span> <span class='ocrx_word' id='word_1_114' title='bbox 1001 1955 1066 2035; x_wconf 87' lang='lat' dir='ltr'>ipsa</span> 
     </span>
     <span class='ocr_line' id='line_1_20' title="bbox 374 1975 1067 2115; baseline 0.004 -22"><span class='ocrx_word' id='word_1_115' title='bbox 374 2033 423 2093; x_wconf 70' lang='lat' dir='ltr'>sut</span> <span class='ocrx_word' id='word_1_116' title='bbox 445 2033 576 2115; x_wconf 89' lang='lat' dir='ltr'>sponte,</span> <span class='ocrx_word' id='word_1_117' title='bbox 596 2034 644 2094; x_wconf 90' lang='lat' dir='ltr'>suo</span> <span class='ocrx_word' id='word_1_118' title='bbox 663 1975 742 2094; x_wconf 76' lang='lat' dir='ltr'>senlu</span> <span class='ocrx_word' id='word_1_119' title='bbox 761 2056 794 2094; x_wconf 87' lang='lat' dir='ltr'>ac</span> <span class='ocrx_word' id='word_1_120' title='bbox 816 2036 967 2094; x_wconf 88' lang='lat' dir='ltr'>divinitate</span> <span class='ocrx_word' id='word_1_121' title='bbox 990 2056 1067 2096; x_wconf 90' lang='lat' dir='ltr'>mo·</span> 
     </span>
     <span class='ocr_line' id='line_1_21' title="bbox 372 2134 507 2176; baseline -0.007 -1"><span class='ocrx_word' id='word_1_122' title='bbox 372 2134 507 2176; x_wconf 82' lang='lat' dir='ltr'>veantur.</span> 
     </span>
    </p>

    <p class='ocr_par' dir='ltr' id='par_1_3' title="bbox 374 2191 1067 3078">
     <span class='ocr_line' id='line_1_22' title="bbox 382 2191 1067 2266; baseline 0.01 -17"><span class='ocrx_word' id='word_1_123' title='bbox 382 2238 385 2249; x_wconf 91' lang='lat'><em>.</em></span> <span class='ocrx_word' id='word_1_124' title='bbox 415 2216 465 2266; x_wconf 80' lang='lat'>44.</span> <span class='ocrx_word' id='word_1_125' title='bbox 479 2193 550 2252; x_wconf 69' lang='lat' dir='ltr'>Nec</span> <span class='ocrx_word' id='word_1_126' title='bbox 574 2194 646 2251; x_wconf 82' lang='lat' dir='ltr'>verb</span> <span class='ocrx_word' id='word_1_127' title='bbox 667 2191 837 2251; x_wconf 77' lang='lat' dir='ltr'>Aristoteles</span> <span class='ocrx_word' id='word_1_128' title='bbox 857 2214 917 2251; x_wconf 86' lang='lat' dir='ltr'>non</span> <span class='ocrx_word' id='word_1_129' title='bbox 936 2195 1067 2257; x_wconf 73' lang='lat' dir='ltr'>laudan-</span> 
     </span>
     <span class='ocr_line' id='line_1_23' title="bbox 375 2271 1065 2352; baseline 0.006 -20"><span class='ocrx_word' id='word_1_130' title='bbox 375 2271 428 2334; x_wconf 81' lang='lat' dir='ltr'>dus</span> <span class='ocrx_word' id='word_1_131' title='bbox 448 2276 476 2330; x_wconf 92' lang='lat' dir='ltr'>in</span> <span class='ocrx_word' id='word_1_132' title='bbox 498 2291 551 2341; x_wconf 80' lang='lat' dir='ltr'>eo,</span> <span class='ocrx_word' id='word_1_133' title='bbox 570 2273 647 2350; x_wconf 77' lang='lat' dir='ltr'>quod</span> <span class='ocrx_word' id='word_1_134' title='bbox 663 2275 782 2341; x_wconf 84' lang='lat' dir='ltr'>omnia,</span> <span class='ocrx_word' id='word_1_135' title='bbox 800 2293 862 2350; x_wconf 84' lang='lat' dir='ltr'>quae</span> <span class='ocrx_word' id='word_1_136' title='bbox 878 2293 1065 2352; x_wconf 89' lang='lat' dir='ltr'>moventur,</span> 
     </span>
     <span class='ocr_line' id='line_1_24' title="bbox 375 2350 1066 2427; baseline 0.007 -16"><span class='ocrx_word' id='word_1_137' title='bbox 375 2369 425 2412; x_wconf 88' lang='lat' dir='ltr'>aut</span> <span class='ocrx_word' id='word_1_138' title='bbox 444 2352 544 2410; x_wconf 70' lang='lat' dir='ltr'>naturai</span> <span class='ocrx_word' id='word_1_139' title='bbox 568 2354 682 2409; x_wconf 89' lang='lat' dir='ltr'>moveri</span> <span class='ocrx_word' id='word_1_140' title='bbox 706 2350 838 2424; x_wconf 83' lang='lat' dir='ltr'>censuit,</span> <span class='ocrx_word' id='word_1_141' title='bbox 855 2369 902 2410; x_wconf 91' lang='lat' dir='ltr'>aut</span> <span class='ocrx_word' id='word_1_142' title='bbox 924 2356 984 2427; x_wconf 88' lang='lat' dir='ltr'>vi,</span> <span class='ocrx_word' id='word_1_143' title='bbox 1012 2375 1066 2418; x_wconf 86' lang='lat' dir='ltr'>aut</span> 
     </span>
     <span class='ocr_line' id='line_1_25' title="bbox 374 2431 1066 2507; baseline 0.004 -14"><span class='ocrx_word' id='word_1_144' title='bbox 374 2432 527 2493; x_wconf 81' lang='lat' dir='ltr'>voluntate</span> <span class='ocrx_word' id='word_1_145' title='bbox 545 2448 553 2486; x_wconf 76' lang='grc' dir='ltr'><strong><em>ε</em></strong></span> <span class='ocrx_word' id='word_1_146' title='bbox 578 2434 690 2491; x_wconf 85' lang='lat' dir='ltr'>moveri</span> <span class='ocrx_word' id='word_1_147' title='bbox 709 2449 806 2491; x_wconf 81' lang='lat' dir='ltr'>autem</span> <span class='ocrx_word' id='word_1_148' title='bbox 822 2431 934 2507; x_wconf 88' lang='lat' dir='ltr'>solem,</span> <span class='ocrx_word' id='word_1_149' title='bbox 957 2435 990 2493; x_wconf 72' lang='grc' dir='ltr'>ὃ(</span> <span class='ocrx_word' id='word_1_150' title='bbox 1012 2437 1066 2496; x_wconf 92' lang='lat' dir='ltr'>lu-</span> 
     </span>
     <span class='ocr_line' id='line_1_26' title="bbox 374 2511 1066 2593; baseline 0.006 -22"><span class='ocrx_word' id='word_1_151' title='bbox 374 2533 442 2571; x_wconf 81' lang='lat' dir='ltr'>nam</span> <span class='ocrx_word' id='word_1_152' title='bbox 461 2555 481 2584; x_wconf 92' lang='lat'>‚.</span> <span class='ocrx_word' id='word_1_153' title='bbox 496 2511 528 2570; x_wconf 90' lang='lat'>&amp;</span> <span class='ocrx_word' id='word_1_154' title='bbox 545 2511 638 2570; x_wconf 73' lang='lat' dir='ltr'>sidera</span> <span class='ocrx_word' id='word_1_155' title='bbox 657 2515 756 2571; x_wconf 88' lang='lat' dir='ltr'>omnia</span> <span class='ocrx_word' id='word_1_156' title='bbox 775 2533 782 2569; x_wconf 91' lang='lat'>:</span> <span class='ocrx_word' id='word_1_157' title='bbox 803 2533 865 2593; x_wconf 82' lang='lat' dir='ltr'>quae</span> <span class='ocrx_word' id='word_1_158' title='bbox 887 2532 984 2573; x_wconf 88' lang='lat' dir='ltr'>autem</span> <span class='ocrx_word' id='word_1_159' title='bbox 1009 2539 1066 2576; x_wconf 87' lang='lat' dir='ltr'>na·</span> 
     </span>
     <span class='ocr_line' id='line_1_27' title="bbox 374 2593 1065 2672; baseline 0.004 -20"><span class='ocrx_word' id='word_1_160' title='bbox 374 2593 439 2652; x_wconf 71' lang='lat' dir='ltr'>tura</span> <span class='ocrx_word' id='word_1_161' title='bbox 457 2611 668 2664; x_wconf 76' lang='lat' dir='ltr'>moverentur,</span> <span class='ocrx_word' id='word_1_162' title='bbox 687 2594 746 2652; x_wconf 78' lang='lat' dir='ltr'>hac</span> <span class='ocrx_word' id='word_1_163' title='bbox 762 2613 809 2650; x_wconf 89' lang='lat' dir='ltr'>aut</span> <span class='ocrx_word' id='word_1_164' title='bbox 828 2594 958 2672; x_wconf 86' lang='lat' dir='ltr'>pondere</span> <span class='ocrx_word' id='word_1_165' title='bbox 971 2595 1065 2655; x_wconf 88' lang='lat' dir='ltr'>deor-</span> 
     </span>
     <span class='ocr_line' id='line_1_28' title="bbox 374 2671 1064 2756; baseline 0.006 -24"><span class='ocrx_word' id='word_1_166' title='bbox 374 2671 457 2746; x_wconf 85' lang='lat' dir='ltr'>sum,</span> <span class='ocrx_word' id='word_1_167' title='bbox 477 2689 527 2731; x_wconf 91' lang='lat' dir='ltr'>aut</span> <span class='ocrx_word' id='word_1_168' title='bbox 551 2673 668 2734; x_wconf 78' lang='lat' dir='ltr'>levitate</span> <span class='ocrx_word' id='word_1_169' title='bbox 686 2677 714 2732; x_wconf 90' lang='lat' dir='ltr'>in</span> <span class='ocrx_word' id='word_1_170' title='bbox 734 2672 853 2734; x_wconf 86' lang='lat' dir='ltr'>sublime</span> <span class='ocrx_word' id='word_1_171' title='bbox 874 2673 962 2746; x_wconf 90' lang='lat' dir='ltr'>ferri;</span> <span class='ocrx_word' id='word_1_172' title='bbox 982 2697 1064 2756; x_wconf 90' lang='lat' dir='ltr'>quo-</span> 
     </span>
     <span class='ocr_line' id='line_1_29' title="bbox 374 2752 1064 2834; baseline 0.001 -21"><span class='ocrx_word' id='word_1_173' title='bbox 374 2774 440 2813; x_wconf 90' lang='lat' dir='ltr'>rum</span> <span class='ocrx_word' id='word_1_174' title='bbox 467 2771 602 2813; x_wconf 86' lang='lat' dir='ltr'>neutrum</span> <span class='ocrx_word' id='word_1_175' title='bbox 632 2752 709 2813; x_wconf 90' lang='lat' dir='ltr'>astris</span> <span class='ocrx_word' id='word_1_176' title='bbox 737 2757 918 2834; x_wconf 86' lang='lat' dir='ltr'>contingeret</span> <span class='ocrx_word' id='word_1_177' title='bbox 941 2799 950 2826; x_wconf 88' lang='lat'>‚</span> <span class='ocrx_word' id='word_1_178' title='bbox 983 2777 1064 2834; x_wconf 87' lang='lat' dir='ltr'>pro-</span> 
     </span>
     <span class='ocr_line' id='line_1_30' title="bbox 374 2834 1063 2916; baseline 0 -22"><span class='ocrx_word' id='word_1_179' title='bbox 374 2845 476 2916; x_wconf 72' lang='lat' dir='ltr'>pterea</span> <span class='ocrx_word' id='word_1_180' title='bbox 495 2834 574 2915; x_wconf 83' lang='lat' dir='ltr'>qubd</span> <span class='ocrx_word' id='word_1_181' title='bbox 593 2854 694 2893; x_wconf 88' lang='lat' dir='ltr'>eorum</span> <span class='ocrx_word' id='word_1_182' title='bbox 713 2852 809 2892; x_wconf 89' lang='lat' dir='ltr'>motus</span> <span class='ocrx_word' id='word_1_183' title='bbox 828 2836 857 2892; x_wconf 92' lang='lat' dir='ltr'>in</span> <span class='ocrx_word' id='word_1_184' title='bbox 879 2835 981 2894; x_wconf 89' lang='lat' dir='ltr'>orbem</span> <span class='ocrx_word' id='word_1_185' title='bbox 1001 2838 1063 2894; x_wconf 91' lang='lat' dir='ltr'>cir·</span> 
     </span>
     <span class='ocr_line' id='line_1_31' title="bbox 375 2912 1062 2996; baseline -0.001 -21"><span class='ocrx_word' id='word_1_186' title='bbox 375 2937 500 2996; x_wconf 78' lang='lat' dir='ltr'>tumque</span> <span class='ocrx_word' id='word_1_187' title='bbox 519 2915 649 2973; x_wconf 85' lang='lat' dir='ltr'>ferretur.</span> <span class='ocrx_word' id='word_1_188' title='bbox 671 2912 736 2972; x_wconf 89' lang='lat' dir='ltr'>Nec</span> <span class='ocrx_word' id='word_1_189' title='bbox 747 2914 819 2972; x_wconf 81' lang='lat' dir='ltr'>verb</span> <span class='ocrx_word' id='word_1_190' title='bbox 840 2914 895 2972; x_wconf 88' lang='lat' dir='ltr'>dici</span> <span class='ocrx_word' id='word_1_191' title='bbox 914 2913 1009 2993; x_wconf 82' lang='lat' dir='ltr'>potest</span> <span class='ocrx_word' id='word_1_192' title='bbox 1028 2917 1062 2974; x_wconf 85' lang='lat' dir='ltr'>vi</span> 
     </span>
     <span class='ocr_line' id='line_1_32' title="bbox 374 2990 1062 3078; baseline 0.001 -23"><span class='ocrx_word' id='word_1_193' title='bbox 374 2997 499 3078; x_wconf 77' lang='lat' dir='ltr'>quadam</span> <span class='ocrx_word' id='word_1_194' title='bbox 519 2990 630 3075; x_wconf 79' lang='lat' dir='ltr'>majore</span> <span class='ocrx_word' id='word_1_195' title='bbox 649 2992 732 3068; x_wconf 85' lang='lat' dir='ltr'>lieri,</span> <span class='ocrx_word' id='word_1_196' title='bbox 752 3013 782 3054; x_wconf 88' lang='lat' dir='ltr'>ut</span> <span class='ocrx_word' id='word_1_197' title='bbox 806 3011 907 3055; x_wconf 83' lang='lat' dir='ltr'>contra</span> <span class='ocrx_word' id='word_1_198' title='bbox 926 3012 1062 3056; x_wconf 85' lang='lat' dir='ltr'>naturam</span> 
     </span>
    </p>
   </div>
   <div class='ocr_carea' id='block_1_3' title="bbox 0 0 1366 4017">
    <p class='ocr_par' dir='ltr' id='par_1_4' title="bbox 0 0 1366 4017">
     <span class='ocr_line' id='line_1_33' title="bbox 0 0 1366 4017; baseline 0 0"><span class='ocrx_word' id='word_1_199' title='bbox 0 0 1366 4017; x_wconf 95' lang='lat' dir='ltr'> </span> 
     </span>
    </p>
   </div>
  </div>
 </body>
</html>
