2709 4017
334 503 415 581 490
471 487 532 554 Dr
562 500 889 570 mmmm,

335 601 414 682 Nam
427 597 474 660 illa
491 599 690 680 amphibolia,
700 619 764 681 quae
781 598 919 661 Croesum
936 599 1024 664 dece·

335 685 380 762 pit
395 727 408 754 ‚
426 681 482 741 -vel
506 679 705 823 Chrpsippum
729 677 868 760 potuiffet
893 680 996 744 fallere
1013 702 1023 757 ;

335 763 396 825 haec
413 763 486 822 verb
506 782 542 822 ne
590 764 721 843 picurum
739 761 873 842 quidem.

320 900 339 913 .,
376 840 470 909 LVIl.
497 841 577 915 Sed,
600 843 681 922 quod
700 859 787 921 caput
806 841 848 903 est
866 889 882 918 ,
900 865 952 904 cur
972 841 1024 904 isto

334 923 429 984 modo
449 920 507 1000 jam
526 923 641 988 oracula
654 920 782 1003 Delphis
799 944 862 982 non
879 924 1022 999 eduntur,

334 1025 398 1065 non
421 1004 511 1062 modi>
532 1000 628 1063 nostri
645 1020 752 1079 aetate,
774 1000 824 1062 sed
842 1001 976 1083 jamdiu3
992 1022 1022 1066 ut

335 1084 428 1145 modo
441 1083 510 1142 nihil
531 1086 621 1163 possit
639 1080 695 1143 effe
712 1100 831 1142 contem
854 1085 934 1145 tius?
956 1085 1021 1146 Hoc

333 1163 404 1224 loco
422 1185 509 1244 quum
529 1184 685 1244 urgentur,
702 1107 852 1225 evanuifli:
870 1161 951 1224 aiunt
969 1186 1021 1226 ve·

332 1242 436 1309 tustote
455 1247 517 1304 vim
537 1243 787 1317 iocie‘1us‚unde
807 1245 954 1307 anhelitus
975 1245 1022 1307 ille

238 1393 241 1396 ,
333 1340 418 1386 terrae
437 1323 539 1399 fieret,
556 1347 615 1408 quo
633 1324 759 1405 Pythia,
774 1344 876 1387 mente
887 1329 1018 1400 incitam,

334 1407 451 1467 oracula
473 1406 583 1466 ederet.
605 1404 656 1466 De
669 1407 760 1476 vino,
779 1424 829 1466 aut
850 1405 1020 1468 salsamento

333 1505 420 1568 putes
441 1487 548 1568 loqui,
570 1509 636 1568 quae
656 1485 832 1547 evanescunt
855 1488 1018 1548 vetustate:

335 1567 375 1626 de
392 1570 421 1626 vi
433 1567 491 1626 loci
508 1571 620 1648 agitur,
643 1587 739 1647 neque
759 1565 853 1628 mium
877 1570 1020 1642 naturaii,

331 1644 382 1706 fed
402 1648 490 1706 etiam
508 1646 625 1719 divium
639 1668 704 1727 qua
718 1667 777 1728 quo
793 1648 913 1708 tandein
929 1650 1018 1710 modo

332 1725 472 1808 evannit?
490 1724 663 1802 Vetustate,
680 1731 805 1809 inquies.
820 1729 900 1805 Quae
919 1751 1018 1791 vetus-

333 1821 378 1868 tas
399 1812 459 1880 est,
485 1829 549 1889 qnoe
562 1809 623 1867 vim
642 1809 771 1868 divinam
784 1807 936 1872 confitere
950 1833 1017 1892 pos-

333 1888 390 1948 uit?
407 1889 477 1970 quid
488 1906 549 1956 ram
560 1889 690 1950 divinum
703 1907 822 1962 autem,
837 1891 926 1972 quim
943 1889 1017 1952 affla-

333 1985 380 2030 tus
399 1990 435 2030 ex
452 1987 528 2029 terra
545 1987 672 2030 mentem
688 1974 727 2029 ita
744 1992 887 2046 movens,
904 1989 935 2032 ut
954 1992 1015 2033 eam

222 2115 228 2123 ,
332 2051 487 2131 providam
508 2071 601 2110 rerum
622 2049 781 2111 futurarum
798 2050 921 2126 efficiat,
934 2071 965 2113 ut
983 2073 1016 2114 ea

333 2152 393 2192 non
416 2131 507 2202 modo
528 2148 626 2191 cernat
643 2131 734 2191 multi)
754 2133 840 2205 anre,
863 2132 1015 2211 sedetiam

331 2206 483 2291 numero,
503 2211 644 2292 versuque
664 2214 831 2292 pronuntiet
851 2212 864 2272 ἓ
884 2211 1015 2292 Quando

330 2306 429 2350 autem
447 2291 496 2350 ista
515 2296 557 2350 vis
574 2292 713 2352 evanuit?
734 2315 770 2352 an
789 2291 943 2374 postquam
962 2295 1014 2354 ho⁴

331 2373 427 2432 mines
443 2373 535 2429 minus
551 2370 658 2431 creduli
675 2371 732 2432 effe
750 2385 925 2449 coeperunt?

337 2477 342 2486 ·
377 2451 441 2512 118.
459 2450 682 2514 Demosthenes
697 2455 834 2532 quidem,
846 2458 897 2534 qui
913 2454 1017 2514 abhinc

330 2554 422 2592 annos
435 2535 527 2614 prope
541 2551 607 2594 ccc
620 2533 690 2607 fuit,
704 2531 836 2612 jamtum
849 2538 1016 2614 φιλιππίζειν

328 2612 468 2693 Pythiam
487 2616 623 2687 dicebat,
636 2615 665 2674 id
680 2615 742 2687 est,
760 2617 840 2694 quasi
858 2635 925 2672 cum
949 2615 1016 2673 Phi-

328 2693 411 2776 lippo
432 2694 546 2755 facere:
562 2696 618 2755 hoc
636 2713 731 2755 autem
748 2695 786 2755 eb
805 2693 952 2775 spediabat
963 2740 975 2769 ‚
987 2710 1017 2754 ut

330 2795 395 2836 earn
421 2798 437 2834 a
465 2775 600 2854 Philippo
627 2794 792 2856 corruptam
820 2776 955 2834 diceret:
979 2794 1015 2834 ex

328 2876 388 2936 quo
407 2856 476 2915 licet
492 2853 672 2929 existimare,
686 2859 716 2915 in
733 2857 794 2914 aliis
808 2876 927 2936 quoque
947 2877 1016 2914 ora·

328 2935 399 2995 culis
420 2934 570 3016 Delphicis
590 2936 697 3015 aliquid
718 2958 780 2995 non
800 2939 905 2995 sinceri
922 2933 1016 2995 fuiffe.

325 3013 388 3076 Sed
408 3015 505 3078 nescio
522 3017 678 3097 quomodo
695 3016 737 3079 isti
755 3016 925 3101 philosophi
939 3059 953 3091 ,
970 3014 1016 3084 sur

329 3207 337 3241 i
