2709 4017
381 488 541 573 Linea
569 504 847 559 tri-curruum·
891 507 967 583 225

282 604 468 686 pubescant,
488 609 738 688 maturitatemque
763 603 969 688 assequantur,

283 706 349 766 quae
368 708 497 746 onunrur
515 708 532 747 e
549 705 633 747 terra.

335 766 410 826 XX.
440 768 569 827 Maxime
596 767 669 828 verb
693 765 755 826 sunt
786 766 969 832 admirabiles

283 865 382 907 motus
400 868 498 909 earum
517 851 642 929 quinque
661 845 805 907 stellarum
816 869 878 929 quae
894 847 969 908 falso

282 945 424 987 vocantur
440 947 567 989 errantes
576 949 589 1002 τ,
598 928 667 988 nihil
686 930 763 987 enim
779 944 870 1002 errat,
886 928 969 1008 quod

282 1008 314 1066 in
341 1011 421 1067 omni
446 1012 603 1069 aeternitate
627 1007 780 1068 conservat
805 1007 968 1089 progreffus

284 1087 472 1170 &regressus
488 1133 498 1162 ,
516 1088 698 1170 reliquosque
718 1105 814 1150 motus
833 1087 971 1149 constan-

283 1182 329 1227 tes
349 1214 359 1241 ,
386 1171 417 1227 &
436 1187 525 1229 ratos.
548 1169 642 1248 Quod
659 1171 696 1229 ei>
714 1167 754 1245 est
774 1170 976 1230 admirabilius.

283 1249 317 1305 in
329 1247 372 1306 his
390 1247 494 1322 stellis,
511 1270 580 1329 quas
600 1249 738 1322 dicimus,
754 1252 820 1329 quia
835 1267 897 1310 tum
914 1271 969 1310 oc·

284 1327 458 1402 cultantur,
486 1346 548 1388 tum
575 1327 664 1387 rursus
691 1329 882 1408 aperiuntur,
905 1348 969 1391 tum

284 1407 416 1481 adeunt,
431 1427 494 1468 tum
511 1409 668 1481 recedunt,
689 1424 750 1467 tunt
771 1408 945 1473 antecedunt
959 1452 976 1485 ‚.

283 1503 348 1546 tum
367 1487 572 1568 subsequuntur
589 1533 599 1563 ,
616 1505 678 1548 tum
698 1487 818 1549 celerius
841 1510 972 1550 moven-

284 1584 352 1641 tur,
379 1584 442 1626 tum
459 1570 591 1641 tardius,
612 1586 674 1628 tum
697 1571 818 1628 omnino
838 1590 875 1628 ne
898 1591 969 1630 mo-

283 1665 391 1708 ventur
410 1649 548 1730 quidem,
565 1646 615 1708 sed
632 1649 669 1706 ad
686 1648 833 1787 puoddam
851 1666 967 1730 tempus

283 1729 422 1790 insistunt.
445 1729 580 1809 Quarum
600 1749 636 1788 err
656 1729 683 1787 di
697 1730 811 1808 paribus
830 1734 970 1790 motioni·

284 1808 340 1876 bus
363 1831 500 1891 magnum
525 1829 631 1869 annum
653 1811 849 1868 mathematici
869 1812 969 1869 nomi-

285 1907 446 1962 naverunt,
468 1892 516 1970 qui
533 1908 594 1948 tum
611 1886 751 1962 efficitur,
770 1908 858 1967 quum
881 1889 970 1962 solis,

286 1969 321 2029 &
339 1969 441 2040 lunae,
462 1971 635 2050 &quinque
654 1969 809 2029 errantium
828 1966 865 2026 ad
886 1989 971 2030 eam-

286 2048 358 2108 dem
386 2049 461 2110 inter
489 2049 517 2109 se
549 2050 796 2128 compositionem
828 2049 978 2118 confestit:

285 2129 419 2189 omnium
436 2128 531 2210 spatiis
551 2127 591 2190 est
604 2127 675 2188 facia
692 2129 858 2190 conversio.
931 2191 933 2195 ,
973 2185 976 2190 .

330 2228 376 2288 52.
398 2209 476 2290 Quae
490 2209 577 2291 quim
590 2209 679 2290 longa
694 2211 749 2283 sit,
765 2230 869 2290 magna
881 2208 971 2290 quaes·

284 2289 329 2350 tio
350 2288 392 2350 est
416 2311 424 2348 ε
448 2289 504 2351 effe
526 2291 599 2350 verb
623 2306 730 2350 certam
758 2290 790 2348 &
818 2287 968 2350 definitam

284 2368 398 2430 neceffe
418 2368 468 2430 est.
492 2370 569 2431 Nam
588 2391 646 2441 ea,
671 2390 734 2449 quae
751 2369 864 2430 Saturni
888 2368 974 2435 stella,
1050 2419 1052 2424 .

285 2449 415 2523 dicitur,
440 2453 590 2531 uariatque
608 2472 625 2508 a
643 2447 753 2510 Graecis
778 2453 972 2524 nominatur,

285 2552 351 2612 quae
368 2553 384 2591 a
400 2547 475 2590 terra
497 2529 574 2590 abest
593 2530 774 2610 plurimum,
797 2548 881 2589 xxx
906 2530 972 2590 fere

286 2613 369 2670 annis
391 2609 501 2669 cursum
515 2608 595 2669 suum
615 2608 751 2670 conficit:
771 2611 801 2668 in
822 2631 881 2690 quo
904 2632 976 2681 cur·⁴

286 2690 319 2749 su
340 2690 429 2749 multa
447 2692 613 2750 mirabiliter
632 2689 783 2764 efficiens,
800 2706 862 2749 tum
883 2708 970 2750 ante·

287 2768 444 2842 cedendo,
462 2788 525 2829 tum
552 2771 748 2842 retardando,
771 2788 833 2831 tum
854 2769 972 2848 vesper·

286 2851 355 2910 cinis
371 2867 431 2909 tem
453 2851 549 2910 oribus
562 2849 780 2922 delitescendo,
797 2867 859 2911 tum
873 2865 972 2906 matu-

286 2931 355 2988 tinis
374 2871 480 2987 rurffum
497 2930 526 2991 se
547 2931 729 3010 aperiendo,
747 2930 816 2989 nihil
837 2931 972 2988 immutat

285 3000 465 3093 sempiternis'
482 3008 644 3079 seculorum
662 3009 901 3149 aetatibus‚Kquin
921 3027 974 3082 ean,

694 3103 700 3113 ’
857 3107 878 3151 v
