2709 4017
417 391 490 464 ¹40
528 366 594 440 Da
616 385 787 439 narona
813 385 1020 449 monum,

411 487 488 553 tonis
511 484 547 543 de
565 482 679 543 Timaeo
690 482 778 542 deum
793 501 803 553 ;
819 500 873 541 nec
889 502 975 541 anum
997 480 1100 558 fatidi-

412 584 476 622 cam
499 562 663 624 Stoicorum
685 566 799 641 ngo‘vaun
826 605 836 634 ,
872 582 959 640 quam
988 561 1096 625 Latine

409 642 477 703 licet
503 645 703 723 providentiam
733 641 860 711 dicere3
889 660 985 720 neque
1016 645 1096 702 veri>

408 722 549 782 mundum
568 723 682 802 ipsum,
704 725 801 781 animo
822 719 996 781 &sensibus
1014 743 1096 800 praee

408 801 520 877 ditum,
541 802 721 875 rotundum,
738 801 910 873 ardentem,
927 800 1095 863 volubilem

408 881 495 941 deum
516 903 525 955 ;
548 900 683 964 portenta
710 881 742 940 dt
766 881 900 940 miracula
920 901 980 939 non
1002 877 1094 955 disse-2

406 966 531 1022 rentium
558 961 797 1043 philosophorum
822 1005 831 1034 ,
859 960 909 1021 sed
940 959 1093 1022 somnian-

407 1058 490 1101 num.
1086 1070 1089 1075 ⁴

451 1140 495 1200 19.
521 1121 636 1201 Quibus
657 1120 736 1180 enim
760 1119 850 1179 oculis
874 1121 960 1179 animi
984 1121 1092 1182 intueri

406 1205 501 1280 potuit
531 1201 625 1262 vellet
654 1199 738 1260 Plato
762 1197 897 1259 fabricam
915 1202 993 1259 illam
1015 1205 1092 1273 tanti

407 1285 530 1360 operis,
551 1283 608 1363 qud
631 1279 756 1340 construi
774 1301 792 1336 a
813 1279 869 1340 deo
890 1295 975 1358 atque
997 1280 1093 1342 aedili·

406 1363 463 1421 cari
493 1362 632 1420 mundum
657 1358 750 1419 facit?
773 1378 836 1438 quae
852 1357 994 1420 molitio?
1022 1383 1091 1442 quae

405 1439 600 1499 ferramenta?
629 1442 677 1519 qui
696 1436 817 1500 velles?
859 1462 901 1500 uae
919 1439 1088 1501 machinael

404 1521 453 1598 qui
472 1517 587 1578 ministri
606 1516 679 1577 tanti
695 1520 823 1576 muneris
836 1461 971 1582 luerunt?
984 1541 1109 1600 quem·.

404 1597 563 1658 admodum
587 1615 684 1657 autem
707 1597 828 1666 obedire
852 1601 883 1660 ὅ(
905 1619 1006 1678 parere
1026 1623 1089 1662 vo·

404 1677 504 1737 luntati
528 1678 672 1738 architedli
693 1682 763 1750 a'e'r‚
783 1680 855 1759 ignis
865 1717 879 1754 <‚
897 1701 988 1759 aqua,
1008 1697 1087 1743 terra

405 1758 586 1838 potuerunt?
603 1758 693 1818 Unde
708 1760 780 1818 veto
798 1775 868 1818 ortae
886 1760 941 1818 illae
958 1761 1088 1842 quinque

403 1836 535 1914 fomiae,
570 1860 606 1899 ex
632 1839 735 1921 quibus
766 1839 874 1918 reliqua
895 1837 1087 1917 formantur,

402 1921 470 1999 apte
498 1919 634 1980 cadentes
658 1917 695 1977 ad
715 1920 843 1977 animum
865 1917 1058 1980 efficiendum
1075 1965 1106 1999 ,Ι

400 1997 610 2078 pariendosque
628 1995 741 2058 sensus?
755 1996 890 2075 Longum
904 1995 945 2054 est
962 1999 1000 2056 ad
1019 2022 1088 2071 omq

400 2079 464 2134 nia:
481 2098 544 2156 quae
559 2077 625 2135 talia
638 2073 718 2147 sunt,
731 2089 763 2132 ut
775 2089 875 2153 optata
888 2076 978 2155 magis
993 2079 1087 2158 quam

400 2156 521 2216 inuenta
539 2156 701 2214 videantur.
887 2167 889 2171 '

441 2251 492 2293 no.
512 2231 570 2298 Sed
592 2232 640 2295 illa
657 2233 791 2313 palmaria
810 2231 952 2315 quidem,
974 2236 1085 2315 quod,

398 2313 449 2393 qui
474 2333 533 2373 non
553 2313 644 2374 modo
665 2329 765 2375 natum
788 2313 928 2372 mundum
947 2317 1084 2390 infodio,

398 2395 494 2467 xerit,
519 2391 570 2454 sed
595 2396 683 2456 etiam
704 2414 791 2454 manu
813 2415 889 2475 pene
908 2394 1035 2470 sallum,
1057 2400 1080 2458 is

398 2491 466 2532 eum
482 2473 584 2534 dixerit
596 2473 660 2535 fore
674 2473 889 2554 sempiternum.
906 2475 993 2535 Hunc
1010 2496 1083 2535 cen·

396 2550 440 2614 ses
466 2553 597 2633 primis,
627 2571 658 2614 ut
689 2554 790 2614 dieitur
814 2600 824 2629 ‚
847 2555 933 2614 labris
961 2553 1081 2636 gustaffe

397 2632 636 2716 physiologiam,
662 2636 712 2714 qui
731 2634 906 2714 quidquam,
949 2635 1008 2694 uod
1028 2657 1081 2695 or-

398 2729 460 2773 tum
480 2712 539 2786 sit,
561 2730 643 2794 putet
660 2730 798 2777 aetemum
816 2711 871 2774 effe
889 2656 993 2793 polle?
1012 2736 1076 2809 quae

397 2791 440 2859 est
461 2795 539 2854 anim
560 2796 775 2874 coagmentatio
796 2813 857 2855 non
877 2792 1041 2854 dillolubilis
1063 2795 1075 2855 l

397 2888 447 2943 aut
470 2872 539 2960 quid
561 2870 627 2950 est,
652 2871 734 2955 cujus
759 2874 931 2958 principium
957 2873 1080 2958 aliquod
