2709 4017
388 510 547 589 Lrnnn
571 521 845 583 sncvnnvs:
884 520 961 605 501·

277 625 400 689 vatione
412 624 568 704 superetur.
582 626 684 704 Quem
696 629 773 687 enim
793 644 824 685 tu
835 625 962 688 Marium

278 706 373 775 visum
391 726 465 764 ame
479 706 580 785 putas?
593 707 746 786 Speciem,
758 707 847 768 credo
858 751 868 779 ‚
881 706 962 782 ejus.

281 786 316 846 ἃ
331 788 505 866 imaginem,
523 806 553 844 ut
570 784 746 848 Democrito
763 787 887 847 videtur.
900 786 965 846 Un-

238 896 247 901 ·
281 865 321 926 de
346 864 505 945 profediam
534 866 719 946 imaginem?
747 888 764 925 a
795 868 965 945 corporibus

282 947 361 1006 enim
378 944 488 1018 solidis,
504 946 536 1004 &
551 968 566 1003 a
583 949 667 1005 certis
683 945 779 1027 figuris
797 947 858 1005 vult
875 947 965 1007 fluere

281 1026 433 1107 imagines.
453 1025 547 1103 Quod
560 1028 644 1106 igitur
663 1026 747 1085 Marii
764 1048 869 1105 corpus
880 1025 965 1090 erat?

282 1103 404 1177 Exeo,
422 1107 538 1184 inquit,
561 1106 639 1186 quod
658 1106 776 1166 fuerat:
798 1107 884 1184 plena
904 1105 967 1173 sunt

283 1188 443 1266 imaginum
467 1187 573 1244 omnia.
601 1184 655 1244 Ista
672 1189 767 1267 'igitur
795 1206 842 1245 me
868 1189 968 1268 imago

284 1265 373 1328 Marii
396 1268 425 1324 in
443 1286 577 1343 campum
598 1265 748 1326 Atinatem
773 1264 968 1345 persequeba-

285 1362 356 1418 tur3
379 1346 456 1404 nulla
474 1348 551 1405 enim
573 1346 682 1426 species
703 1347 822 1428 cogitari
844 1344 967 1425 potest,

285 1427 342 1498 nisi
360 1425 438 1504 pulsu
458 1427 623 1506 imaginum.

302 1560 306 1567 .
332 1504 400 1583 138.
422 1505 504 1585 Quid
517 1516 609 1587 ergo?
622 1503 680 1566 istae
696 1507 834 1588 imagines
852 1507 891 1566 ita
909 1527 971 1566 no-

286 1585 333 1646 his
354 1585 430 1645 diuo
451 1587 598 1645 audientes
619 1586 705 1658 sunt,
726 1607 756 1645 ut
777 1587 969 1667 simulatque

287 1666 438 1738 velimus,
461 1665 630 1724 accurrant?
653 1670 779 1727 etiamne
801 1687 899 1726 earum
919 1687 971 1728 re·

288 1766 374 1819 rum,
393 1767 456 1826 quae
469 1746 553 1804 nuilae
568 1745 653 1804 sunt?
670 1769 733 1826 quae
751 1749 790 1807 est
807 1750 886 1806 enim
905 1745 971 1807 for·

288 1848 339 1887 ma
353 1845 411 1884 tam
430 1827 587 1896 invisitata,
604 1842 668 1884 tarn
684 1827 781 1897 nulla,
799 1848 886 1907 quam
909 1847 972 1888 non

290 1908 345 1979 sibi
361 1905 421 1986 ipse
438 1904 547 1987 fingere
567 1909 677 1963 animus
697 1905 811 1985 possit?
832 1925 881 1977 ut,
906 1927 971 1987 quae

290 2007 451 2067 numquam
471 1987 620 2056 vidimus,
642 2006 677 2044 ea
698 2004 795 2046 tamen
816 1986 971 2047 informata

233 2066 236 2071 ’
290 2068 466 2140 habeamus,
480 2065 655 2146 oppidorum
672 2065 760 2138 situs,
776 2064 926 2125 hominum
935 2065 975 2133 fi÷

292 2168 389 2231 guras.
943 2182 944 2186 κ

308 2283 313 2290 ,
338 2245 406 2306 131).
430 2225 508 2285 Num
525 2229 630 2307 igitur,
644 2247 732 2306 quum
745 2243 794 2285 aut
806 2245 902 2284 mutos
916 2223 976 2285 Ba·

292 2307 433 2388 bylonis‚
452 2323 499 2366 aut
516 2308 639 2366 Homeri
655 2306 759 2367 faciem
772 2329 807 2365 co
830 2309 868 2365 ito
881 2351 891 2379 ‚
903 2308 976 2366 ima·

294 2409 334 2471 go
353 2389 468 2447 iliorum
489 2408 537 2447 me
556 2389 647 2466 aliqua
668 2387 771 2467 pellit?
798 2328 908 2447 &mnia
924 2388 977 2467 igi·

295 2487 361 2541 tut,
383 2490 447 2549 quae
464 2469 619 2539 volumus,
636 2486 707 2527 nora
725 2467 807 2525 nobis
827 2464 883 2525 effe
905 2486 976 2544 pos·

295 2549 377 2609 funt:
393 2548 460 2608 nihil
478 2546 518 2607 est
535 2550 632 2617 enim,
651 2549 760 2625 dequo
778 2547 906 2625 cogitare
924 2564 979 2606 ne·

297 2649 448 2710 queamus.
470 2627 563 2687 Nullae
584 2648 654 2707 ergo
674 2628 813 2706 imagines
833 2625 992 2705 obrepunt·

297 2712 328 2772 in
351 2713 462 2768 animos
483 2709 686 2767 dormientium
708 2703 900 2777 extrinsecus,
923 2724 979 2764 nec

299 2792 422 2850 omnino
441 2789 531 2847 fluunt
552 2788 628 2860 illae3
648 2807 702 2846 nec
724 2787 852 2868 cognovi
874 2804 981 2864 quem·

299 2890 409 2950 quam,
428 2871 477 2949 qui
495 2865 606 2945 majore
625 2866 791 2928 auctoritate
807 2865 876 2923 nihil
900 2863 983 2922 dice·

300 2968 365 3012 ret:
386 2951 547 3008 animorum
569 2945 609 3008 est
628 2968 663 3007 ea
675 2950 740 3020 vis,
757 2964 848 3026 eaque
862 2961 983 3015 natura,

300 3047 335 3095 ut
349 3032 470 3116 vigeant
478 3028 649 3111 vigilantes,
658 3027 738 3091 nullo
750 3024 911 3091 adventitio
924 3021 995 3104 pul·¹
