2709 4017
381 515 543 580 Lim
571 529 801 590 rnnrws.
869 531 943 606 307

256 627 348 709 tique
363 627 472 689 cedens
497 625 537 689 est
559 628 684 688 maxime
702 627 734 688 &
756 627 943 710 dissipabilis:

257 711 512 790 pratereatmnia
527 710 588 785 haec
604 726 667 769 tunt
683 710 842 784 intereunt,
853 731 943 791 quum

257 792 288 850 in
306 806 437 866 naturam
453 790 538 850 aliam
553 805 781 863 convertuntur3
797 792 878 870 quod
888 789 946 865 fit,

257 889 347 950 quunt
358 887 437 930 tetra
454 873 483 930 in
500 891 606 952 aquam
621 868 650 931 se
668 872 778 944 vertit,
798 871 831 933 &
854 891 945 952 quum

258 969 296 1012 ex
323 971 398 1032 aqua
425 954 517 1010 oritur
542 955 617 1023 a'e't,
642 951 675 1011 &
699 972 791 1032 quum
815 972 851 1013 ex
876 956 944 1015 aete

257 1030 349 1091 ather
368 1073 380 1106 ,
396 1050 556 1112 'quumque
584 1031 689 1092 eadem
713 1033 840 1092 vicissim
865 1034 944 1093 tetri>

257 1131 437 1183 commeant.
457 1112 551 1194 Qubd
569 1113 593 1172 si
608 1132 643 1172 ea
656 1115 816 1188 intereant,
835 1133 872 1174 ex
880 1116 946 1193 qui·

256 1190 314 1252 bus
330 1191 442 1253 constet
457 1212 547 1253 omne
557 1193 684 1266 animal3
696 1193 806 1253 nullum
823 1191 864 1254 est
880 1195 946 1254 ani·

256 1271 318 1334 mal
337 1272 396 1347 sem
419 1275 555 1334 itetnutn.

300 1350 385 1413 xlll.
399 1295 462 1426 Iit,
487 1372 518 1414 ut
537 1353 600 1412 haec
622 1353 821 1426 omittamus,
844 1369 944 1415 tamen

256 1433 365 1495 animai
384 1434 494 1495 nuIIunt
511 1433 635 1496 inveniti
649 1430 767 1512 potest,
787 1433 869 1514 quod
890 1453 945 1494 ne·

256 1533 317 1596 que
337 1530 436 1575 natum
451 1535 590 1596 nmquam
604 1515 661 1587 sit,
678 1513 710 1573 δι
721 1513 779 1573 sem
803 1534 835 1574 et
845 1515 882 1574 sit
897 1512 947 1576 fu·

255 1611 364 1656 tutum.
382 1593 484 1655 Omne
501 1598 578 1663 enim
596 1594 703 1654 animal
721 1593 769 1654 sen
782 1616 814 1654 us
832 1595 943 1666 habet3

256 1673 440 1758 sentitigitut
457 1677 489 1737 &
507 1677 618 1747 calida,
637 1675 669 1734 &
684 1674 810 1756 frigida,
833 1677 865 1736 δι
884 1675 949 1736 dul-

258 1757 326 1829 cia,
347 1757 380 1818 δι
393 1777 489 1817 amara
504 1802 514 1830 ‚
531 1765 586 1816 nec
605 1754 700 1834 potest
718 1758 779 1815 ullo
798 1755 877 1815 sensu
898 1755 944 1834 ju-

258 1835 356 1897 cunda
374 1838 527 1918 accipere,
546 1839 580 1898 &
602 1855 664 1894 non
676 1838 807 1914 accipere
828 1855 945 1896 contrae

256 1919 319 1979 tia:
339 1919 364 1976 si
380 1919 465 1998 Igitur
481 1917 639 1998 voluptatis
649 1912 761 1974 sensum
778 1918 874 1994 capit,
889 1915 944 1976 do·

254 1997 329 2074 letis
350 2000 437 2063 etiam
461 1999 537 2078 capit
556 1994 667 2076 tquod
689 2011 786 2056 autem
810 1994 946 2056 dolorem

257 2078 384 2158 accipit,
397 2078 428 2149 id
441 2078 561 2158 occipiat
574 2079 661 2138 etiam
680 2077 826 2136 interitum
845 2094 948 2136 neces·

256 2159 289 2221 se
307 2155 376 2229 ,esst
398 2177 488 2229 omne
509 2160 594 2241 Igitur
616 2157 723 2217 animal
746 2155 946 2219 confitendum

258 2237 301 2302 est
315 2237 375 2303 effe
389 2237 526 2309 mortale.
933 2296 935 2301 .

305 2336 353 2397 33.
375 2318 544 2390 Praeterea,
565 2318 589 2377 si
613 2315 681 2397 quid
699 2314 740 2376 est
759 2361 768 2389 ‚
789 2317 947 2397 quod,nec

257 2402 445 2481 voluptatem
466 2399 586 2470 sentiat,
605 2417 662 2458 nec
676 2396 810 2458 dolorem
822 2441 831 2471 ‚
842 2397 873 2458 id
884 2401 947 2458 ani·

258 2481 319 2540 mal
347 2479 403 2542 effe
426 2502 487 2540 non
516 2476 639 2559 potest:
668 2479 712 2536 sin
739 2496 835 2536 autem
862 2477 944 2558 quod

259 2562 366 2622 anitnal
386 2560 448 2634 est,
469 2561 498 2620 id
516 2561 564 2618 ina
578 2554 690 2617 necesse
707 2554 747 2616 est
761 2555 861 2616 sentiat
882 2579 892 2632 ;
914 2559 947 2618 &

257 2641 341 2724 qnod
368 2661 403 2704 ea
424 2640 551 2714 sentiat,
573 2658 634 2698 non
659 2636 753 2718 potest
778 2634 835 2697 eIIe
858 2655 946 2698 aeter-

255 2743 351 2795 ¹nunu
370 2722 402 2782 &
421 2741 511 2782 omne
525 2718 630 2780 animal
645 2715 745 2783 sentit:
762 2719 872 2779 nullum
888 2720 946 2798 igi·

258 2820 307 2871 tur
324 2803 429 2877 anitnal
445 2801 488 2863 est
506 2818 657 2860 aetetnum.
677 2796 819 2859 Ptaeterea
834 2798 945 2858 nullum

258 2881 356 2966 potest
372 2881 429 2945 ess'e
449 2882 574 2954 animal,
595 2881 624 2938 in
643 2900 704 2958 quo
723 2900 784 2938 non
803 2881 836 2940 &
850 2897 945 2957 appe-

258 2965 325 3026 titio
347 2966 402 3038 sit,
418 2965 449 3024 &
468 2962 622 3022 declinatio
636 2959 786 3018 naturalis:
800 2976 946 3038 appetun-

258 3061 307 3115 tut
323 3061 445 3118 autent,
461 3064 528 3128 qua,
540 3040 697 3109 secundina
714 3055 845 3103 naturam
862 3037 943 3112 sunt,
