2709 4017
439 460 860 538 muru-raus,
992 485 1019 556 9

333 578 502 662 politanum
523 627 533 655 ,
558 581 627 642 mihi
648 581 679 640 in
706 580 915 660 Pompeianum
936 580 1023 639 navi·
1065 593 1068 596 ·

339 682 420 742 gare.
440 663 540 742 Quum
564 663 649 743 igitur
671 682 762 740 pauca
780 664 809 720 in
828 657 912 739 xysto
926 659 1022 720 'loeuii

339 740 461 802 erremus
472 787 484 814 ‚
502 760 563 801 tum
575 741 681 802 eodem
692 743 722 799 in
729 739 820 820 spatio
830 738 1023 802 consedimus·

380 819 443 881 lv.
466 822 525 881 Hic
547 819 689 894 Catulus,
710 819 772 881 Etsi
794 821 877 891 heri,
896 821 1017 900 inquit,

336 899 392 976 id,
422 901 503 982 quod
528 899 728 982 quaerebatur,
747 920 823 983 pene
843 899 1020 980 explicatum

337 979 400 1055 est,
419 1000 450 1041 ut
470 999 533 1043 tota
552 980 614 1043 fere
654 980 751 1043 uaestio
776 980 893 1041 trabiata
915 980 1021 1061 videa·

333 1077 407 1134 .rur;
427 1079 525 1124 tamen
544 1003 687 1142 exspeao„
699 1082 754 1134 ea,
775 1083 841 1142 quae
857 1077 886 1121 te
909 1060 1022 1140 pollicis

331 1155 385 1200 -tus
412 1162 443 1200 es
463 1187 474 1216 ,
494 1143 644 1215 Luculle,
667 1143 704 1219 ab
725 1140 886 1202 Antiocho
897 1141 994 1200 audita
1004 1145 1020 1215 ²,

340 1219 492 1284 dieiurum.
517 1222 681 1302 Equidem,
703 1223 795 1304 inquit
816 1221 1020 1294 Hortensius,

340 1297 400 1359 feci
420 1301 482 1378 plus
506 1302 594 1380 quam
610 1302 739 1373 vellem3
756 1317 847 1360 totam
863 1301 940 1359 enim
956 1321 1021 1360 rem

340 1378 463 1439 Lucullo
483 1381 541 1441 inte
564 1400 624 1439 ram
651 1379 791 1441 servatam
811 1383 958 1458 oportuit:
986 1379 1020 1438 &
1086 1448 1088 1451 v

338 1476 440 1519 tamen
461 1403 576 1520 fortaffe
601 1460 712 1522 servata
735 1458 784 1520 est.
812 1461 840 1518 Α
866 1472 914 1522 me
940 1461 1019 1519 enim

338 1559 397 1612 ea,
420 1561 484 1620 quae
504 1543 533 1600 in
555 1558 693 1623 promptu
712 1558 815 1613 erant,
839 1539 912 1598 dista
930 1537 1020 1598 sunta

337 1642 355 1678 a
380 1620 501 1683 Lucullo
529 1639 627 1682 aurem
653 1621 856 1682 reconditiora
871 1619 1023 1679 desidero-¹

337 1698 417 1760 Tum
433 1701 483 1760 ille
499 1746 509 1776 ,
528 1701 600 1761 Non
617 1700 702 1774 sane,
723 1703 836 1780 inquit,
855 1699 1023 1773 Hortensi,

338 1781 492 1840 conturbat
514 1801 564 1841 me
590 1779 1019 1861 exspeelariotua3etsinihi1
1096 1789 1098 1793 ’

338 1858 381 1919 est
399 1862 453 1932 iis,
473 1863 524 1938 qui
545 1860 659 1939 placere
676 1859 799 1933 volunt,
813 1876 877 1918 tam·
892 1857 1022 1921 adversa·

338 1941 432 1998 rium:
453 1938 503 1997 sed
527 1941 592 2017 quia
616 1959 676 1998 non
698 1939 800 1997 laboro
826 1937 913 2018 quam
932 1938 1020 1999 valde

340 2039 397 2092 ea,
417 2039 481 2099 quae
504 2018 591 2091 dico,
611 2019 783 2100 probaturus
804 2019 880 2090 sim,
904 2018 940 2078 ei>
962 2020 1018 2079 nri·

337 2102 391 2159 niis
414 2099 593 2158 conturbor:
616 2099 711 2159 dicam
730 2100 830 2172 enim,
857 2119 911 2158 nec
928 2120 1022 2174 mea,-

335 2199 392 2240 nec
412 2199 467 2250 ea,
485 2181 653 2259 inquibus,
676 2181 700 2238 si
719 2196 788 2239 vera
808 2200 868 2239 non
884 2177 990 2240 fuerint
1001 2223 1017 2252 ,

335 2280 397 2319 non
415 2261 494 2319 vinci
516 2279 565 2320 me
582 2261 681 2321 rualirn
701 2259 788 2339 quim
806 2262 934 2320 vincere.
955 2258 1017 2324 Sed

335 2339 524 2411 mehercule,
541 2356 573 2399 ut
594 2341 714 2421 quidem
729 2359 805 2398 nuuc
815 2338 850 2399 'se
866 2339 948 2400 causa
961 2340 1016 2402 has·

335 2419 387 2478 bet
400 2463 415 2491 ‚.
432 2421 486 2478 etsi
504 2417 638 2481 hesterno
653 2419 937 2492 sermonelabefaeh
953 2419 1020 2492 est·‚·

334 2500 406 2558 mihi
424 2514 522 2558 tamen
539 2500 653 2560 videtur
670 2497 727 2560 effe
741 2501 1013 2582 verissimavAgam

335 2579 421 2659 igitur
439 2579 510 2638 sicut
528 2579 691 2641 Antiochus
708 2580 830 2660 agebat:
847 2597 917 2645 nota
933 2583 1013 2643 enim

335 2658 405 2723 mihi
425 2677 471 2718 res
486 2655 527 2719 est
548 2679 559 2718 ι
576 2681 641 2720 nam
660 2661 693 2719 &
710 2681 802 2720 vacuo
818 2665 918 2722 animo
931 2661 1014 2721 illum

336 2736 513 2808 audiebam,
534 2740 565 2798 &
580 2761 695 2822 magno
704 2739 796 2800 studio
812 2742 916 2804 eadem
930 2740 1013 2798 dere

337 2819 423 2877 etiarn
439 2816 559 2898 saepius;
575 2837 606 2880 ut
625 2823 712 2882 etiam
732 2818 874 2898 majorem
893 2817 1014 2895 exspec-

335 2897 476 2959 rationem
500 2902 559 2962 mei
578 2900 707 2978 faciam,
728 2900 815 2981 quim
834 2899 926 2961 modo
943 2893 1013 2958 fecit

329 2975 529 3043 Horteffiiusw.
561 3046 568 3060 ,ἱ
601 3036 605 3044 .
651 3016 655 3059 .¹
743 3017 771 3045 ,“
808 3038 860 3120 ,Α
937 3006 940 3013 '

872 3076 895 3126 V.
