2709 4017
383 501 461 598 462
509 500 577 568 ΒΕ
608 510 939 584 nmmum

425 610 552 674 XXXII.
573 611 616 671 At
641 615 671 671 in
695 610 833 692 Lysandri
857 612 955 675 statuae
977 613 1073 697 cupite

384 691 510 774 Delphis
533 689 636 753 exstitit
649 714 758 753 corona
774 711 811 752 ex
829 693 937 775 asperis
955 694 1073 769 herbis,

386 775 551 855 &quidem
571 773 671 832 subita.
693 771 797 832 itane?
817 773 917 836 censes
935 776 1006 835 antu
1021 797 1073 836 co·

382 874 486 914 ronam
505 853 602 915 herbae·
617 851 768 926 exstitisse,
788 853 874 934 quim
894 873 1072 938 conceptum

384 933 442 995 esse
461 934 583 994 semen?
600 932 732 993 Herbam
749 950 847 993 autem
864 935 998 1016 asperam
1011 957 1073 997 cre·

385 1015 448 1088 do,
469 1018 565 1074 avium
588 1011 747 1093 congestu,
765 1035 825 1074 non
849 1014 982 1076 humano
1004 1017 1074 1078 satu.

385 1083 451 1154 iam
466 1094 601 1174 quicquid
615 1096 645 1152 in
663 1097 758 1173 capite
774 1090 834 1167 est,
848 1096 879 1156 id
897 1117 1016 1157 coronae
1037 1099 1073 1157 si·

384 1175 455 1235 mile
467 1175 560 1234 videri
573 1170 677 1254 potest.
692 1175 768 1234 Nam
781 1176 860 1255 qubd
875 1177 987 1237 eodem
998 1195 1073 1237 tem·

409 1275 461 1316 ore
486 1253 579 1315 stellas
601 1273 700 1315 aureas
717 1253 844 1315 Castoris
863 1255 896 1315 &
918 1254 1074 1331 Pollucis,

384 1275 513 1416 helphis
536 1336 644 1416 positas
655 1380 665 1409 ,
677 1330 938 1415 decidiffe,neque
952 1356 1002 1398 eas
1025 1357 1073 1397 us-

384 1434 473 1496 quam
496 1432 624 1496 repertas
642 1417 698 1476 effe
716 1413 825 1489 dixisti3
847 1413 944 1476 furum
964 1417 994 1477 id
1013 1437 1075 1478 ma·

385 1498 430 1578 gis
449 1494 576 1566 fatiunt,
590 1495 684 1576 ‘quim
698 1496 820 1556 deorum
834 1494 962 1557 videtur.

428 1576 477 1654 69.
499 1574 594 1636 Simiae
620 1576 694 1636 verb
714 1574 874 1637 Dodoneae
899 1576 1075 1657 improbita-

385 1668 448 1716 tem
473 1653 594 1714 historiis
615 1652 726 1714 Graecis
750 1657 916 1717 mandatam
937 1654 995 1718 effe
1019 1656 1074 1718 de-

384 1737 486 1796 miror.
507 1734 591 1814 Quid
612 1736 707 1795 minus
730 1739 859 1809 mirum,
880 1734 969 1817 quim
994 1736 1075 1799 illam

384 1814 675 1877 monstruosissimam
692 1815 810 1876 bestiam
830 1837 930 1878 urnam
950 1820 1074 1878 evertis·

385 1896 442 1971 se,
463 1896 553 1958 sortes
572 1895 749 1975 dissipauiss'e
768 1896 779 1955 ἓ
802 1895 838 1957 Et
859 1916 968 1978 negant
987 1895 1074 1958 histoss

385 1980 437 2040 rici
464 1977 692 2038 Lacedaemoniis
719 1978 809 2036 ulium
840 1974 988 2036 ostentum
1018 1977 1076 2039 hbe

384 2057 488 2122 tristius
504 2057 657 2120 accidisse!
671 2055 747 2116 Nam
760 2057 805 2116 illa
819 2057 955 2136 praediua
966 2052 1076 2118 Veien-

384 2146 479 2214 tium,
493 2143 516 2202 si
530 2142 606 2199 lacus
626 2138 757 2198 Albanus
777 2136 982 2209 redundaffet,
996 2136 1075 2219 isque

385 2222 415 2282 in
433 2242 512 2281 mare
529 2217 670 2291 fluxisset,
689 2217 815 2278 Romam
835 2219 1013 2298 perituram
1027 2219 1074 2279 sin

384 2299 524 2382 tepress'us
544 2298 639 2369 esset,
661 2299 782 2358 Veios:
803 2302 841 2358 ita
862 2319 937 2379 aqua
959 2299 1074 2360 Albana

385 2381 508 2447 dedu6ia
528 2380 565 2439 ad
584 2380 734 2439 utilitatem
752 2383 811 2462 agri
823 2379 996 2453 suburbani,
1013 2400 1076 2440 non

385 2468 422 2527 ad
439 2483 536 2525 arcem
552 2459 713 2542 urbemque
727 2460 917 2521 retinendam.
939 2462 981 2520 At
1001 2481 1075 2541 pau-

384 2540 415 2608 Ῐὸ
434 2544 497 2627 pust
514 2543 610 2602 audita
621 2562 682 2601 vox
701 2540 742 2601 est
761 2543 928 2612 monentis,
948 2557 980 2600 ut
999 2562 1075 2620 pro·

384 2627 519 2690 viderent
539 2643 607 2682 nea
625 2621 717 2682 Gallis
734 2621 829 2682 Roma
846 2635 1019 2700 caperetur3
1037 2639 1075 2681 en

385 2724 423 2770 eo
446 2708 505 2768 Aio
520 2702 665 2782 Loquenti
679 2724 756 2761 aram
768 2705 797 2762 in
815 2723 894 2762 nova
905 2704 953 2758 via
973 2701 1077 2762 conse-

384 2806 504 2853 cratam.
529 2780 612 2863 Quid
632 2781 728 2863 ergo?
744 2784 816 2842 Aius
835 2779 884 2841 iste
907 2780 1076 2862 Loquens,

356 2895 358 2899 ¹
383 2886 473 2952 quum
494 2885 561 2928 eum
577 2882 664 2923 nemo
681 2882 785 2935 norat,
802 2862 833 2922 &
846 2861 962 2934 aiebat,
981 2863 1013 2921 &
1031 2862 1076 2921 lo·

383 2949 544 3030 quebatur‚
563 2944 594 3003 &
607 2963 642 3001 en
660 2962 698 3003 eo
718 2964 828 3004 nomen
843 2945 955 3003 invenit
968 2962 977 3013 ;
989 2941 1075 3022 post-

383 3049 507 3112 eaquam
527 3028 560 3090 &
580 3023 706 3100 sedem,
731 3026 763 3088 δι
781 3046 859 3087 aram
876 3070 889 3100 ,
908 3023 940 3086 δι
959 3043 1077 3087 nomeu
