2709 4017
297 520 300 531 ι
395 432 548 504 lta-aa·
574 451 850 505 severianus.
894 447 976 527 241

293 560 394 623 tetum
405 550 486 621 vim,
507 570 569 629 quae
588 547 707 624 inellent
726 552 755 609 in
771 552 850 608 omni
867 551 977 613 mundo
1044 617 1046 621 ,

295 651 364 690 cum
383 649 490 709 magno
514 627 564 688 usu
586 629 843 699 &commoditate
864 632 979 711 generis

293 709 412 769 humani
424 730 434 781 ;
446 706 583 780 efficitur,
598 713 695 768 omnia
704 713 764 792 regi
773 710 869 768 divinit
879 729 980 771 mente

292 804 382 870 atque
405 789 599 868 providentii.
623 786 723 850 Aede
745 792 839 871 prima
858 791 978 871 quidem

291 886 376 951 parte
388 864 455 928 satis
473 867 578 929 dietum
592 867 644 930 est.
660 940 662 945 Ι
946 940 949 945 ι
964 916 967 921 .

326 946 461 1013 XXXII.
476 947 641 1028 Sequitur,
666 964 698 1009 ut
717 948 859 1022 doceam,
878 950 978 1010 omnia

288 1025 417 1108 subjedla
441 1025 496 1088 elle
522 1049 655 1102 naturae,
676 1048 769 1110 eaque
786 1032 822 1088 ab
848 1049 882 1091 ea
908 1030 977 1109 pul·-

290 1107 432 1169 cherrime
455 1110 526 1189 regi.
556 1107 614 1168 Sed
633 1109 702 1188 quid
723 1112 756 1168 sit
775 1109 833 1190 ipsa
855 1129 976 1184 natura,

290 1188 494 1268 explicandum
514 1186 555 1249 est
575 1189 641 1248 ante
661 1188 807 1262 breviter,
826 1190 885 1271 quo
904 1188 977 1248 faci·

275 1267 345 1328 lius
367 1268 416 1341 id,
436 1267 518 1349 quod
541 1269 648 1328 docere
675 1269 831 1342 volumus,
854 1270 942 1328 intell'
963 1271 976 1329 i

281 1347 392 1430 possit.
412 1347 547 1428 Namque
566 1348 612 1407 alii
628 1368 759 1407 naturam
780 1348 894 1408 censent
917 1290 975 1410 elle

282 1430 350 1497 ,vim
371 1429 527 1510 quamdam
544 1431 604 1488 sine
619 1429 749 1502 ratione,
768 1431 892 1488 cientem
910 1450 978 1489 mo·

283 1523 334 1589 ¹tus
347 1509 379 1568 in
393 1509 563 1588 corporibus
581 1507 770 1569 necessarios:
793 1508 839 1568 alii
856 1527 972 1584 autem,

270 1589 350 1653 ‚vim
372 1589 542 1669 participem
562 1591 706 1662 rationis,
735 1605 819 1669 atque
842 1588 970 1664 ordinis,

283 1683 435 1750 tamquam
457 1669 506 1729 vii
529 1669 794 1749 progredientem,
823 1668 973 1730 declaran-

282 1763 427 1830 temque,
447 1747 516 1828 quid
531 1747 664 1829 cujusque
680 1751 723 1808 rei
739 1748 822 1806 causti
842 1746 971 1823 efficiat,

262 1827 357 1910 ¹quid
369 1827 518 1910 sequatur3
538 1828 619 1906 cujus
640 1828 785 1887 solertiam
807 1826 883 1886 nulla
904 1848 973 1902 ars,

282 1908 365 1976 nulla
383 1929 502 1981 manus,
520 1929 608 1968 nemo
623 1906 722 1988 opifex
744 1905 879 1984 consequi
896 1928 971 1986 pose

280 1989 322 2069 pit
338 1988 499 2067 imitando:
525 1988 638 2050 seminis
654 1990 732 2049 enim
747 1987 807 2045 vim
826 1984 881 2047 effe
905 2003 969 2047 tan·

279 2083 364 2141 tam,
385 2084 416 2128 ut
441 2068 472 2128 id
497 2089 670 2148 quamquam
695 2069 730 2126 sit
753 2068 966 2146 perexiguum,

281 2163 382 2215 tamen
403 2149 427 2208 si
451 2148 582 2208 inciderit
597 2150 629 2207 in
651 2149 864 2227 concipientem
881 2167 968 2209 com·

274 2227 570 2309 'prehendentemque
582 2245 731 2301 naturam,
744 2226 913 2307 uallumque
930 2228 968 2290 sit

278 2308 453 2385 materiam,
511 2308 528 2367 ai
552 2309 588 2368 ali
608 2310 762 2392 augerique
782 2310 898 2388 possit,
927 2310 968 2370 ita

279 2385 372 2471 fingat
394 2389 427 2449 &
449 2408 465 2449 e
498 2390 552 2448 ciat
569 2392 598 2447 in
614 2389 666 2449 suo
691 2387 816 2469 quidque
836 2407 965 2470 genete3

295 2470 386 2537 ,actim
400 2487 431 2527 ut
447 2470 649 2529 tantummodo
670 2489 722 2549 per
738 2467 837 2548 stirpes
853 2468 965 2529 alantur

276 2488 363 2621 fuas,
382 2550 485 2630 partim
497 2566 528 2607 ut
544 2553 659 2612 moveri
675 2548 781 2619 etiarn,
795 2548 825 2606 &
838 2543 964 2622 sentire,

278 2626 465 2722 &tappetere
482 2630 616 2713 possint,
636 2629 669 2689 &
683 2649 719 2688 ex
734 2625 791 2688 sese
808 2627 910 2707 similia
920 2625 962 2691 sui

274 2727 406 2801 gtgnere.

319 2786 369 2851 82.
389 2788 464 2850 Sunt
483 2807 579 2849 autem
620 2790 648 2847 ui
665 2789 762 2849 omnia
781 2802 887 2847 naturae
903 2797 962 2843 noa·¹

274 2866 357 2945 ptine
372 2868 541 2950 appellent,
559 2885 590 2928 ut
631 2871 770 2949 picotus,
790 2870 837 2948 qui
855 2868 893 2924 ita
912 2863 960 2922 div

273 2946 375 3029 ¹fidit,
406 2951 557 3033 omnium,
575 2971 639 3032 quae
661 2950 738 3030 sint,
756 2960 887 3012 naturam
904 2940 964 3027 effq

316 3030 420 3103 TWWS
437 3031 501 3095 ΙΧ·
834 3023 860 3099 Iti
