2709 4017
490 498 650 568 ‘Lrarrt
683 509 892 566 Ptrtmvs.
953 451 1048 588 ‘389'

341 661 343 664 .
389 607 535 672 XXXIV.
550 610 640 690 -Quid
652 607 683 669 ‘.»
698 603 925 670 Lacedaemoniis
936 611 1034 689 paulo

347 710 418 752 ante
439 690 616 752 Leuclricam
639 689 833 752 calamitatem
859 712 923 771 quae
947 691 1034 829 signi·

307 833 314 837 ,.
339 771 446 832 ¹ficatio
468 770 542 832 secla
564 770 625 845 est,
670 791 737 829 uum
759 773 788 830 in
809 771 940 830 Herculis
975 791 1033 829 ano

337 873 429 912 ,arma
447 851 622 923 sonuerunt,
672 850 830 932 erculisque
850 849 1034 910 simulacrum

337 933 441 1002 zmulto
461 931 565 992 sudore
585 936 713 992 manavit
732 931 742 991 l
764 931 806 991 At
826 930 934 992 eodem
955 948 1035 990 tem·

346 1033 424 1094 pore
442 1011 570 1086 Thebis,
590 1030 626 1083 ut·
637 1014 675 1070 ait
693 1009 900 1083 Callisthenes,
913 1014 943 1070 in
959 1028 1036 1071 tem·

345 1094 401 1174 plo
413 1092 550 1166 Herculis·
563 1093 657 1152 valvae
670 1090 769 1150 clausae
780 1091 924 1173 repagulis
937 1136 946 1162 ,
958 1089 1037 1169 sobi-

346 1174 383 1233 τὸ
403 1171 432 1233 se
450 1172 517 1254 ipsae
532 1188 726 1252 aperuerunt3
743 1192 900 1252 armaque,
919 1193 981 1253 quae
1000 1169 1037 1231 fi-

336 1274 386 1314 .xa
411 1256 440 1312 in
460 1254 615 1334 parietibus
634 1251 779 1326 fuerant,
805 1272 839 1312 ea
865 1251 926 1311 sunt
956 1253 1036 1312 humi

346 1337 476 1394 inventa.
499 1332 660 1413 Quumque
676 1333 783 1393 eodem
803 1349 937 1412 tempore
958 1333 1035 1412 apud

336 1413 511 1474 :Lebadiam
537 1412 714 1492 Trophonio
734 1433 779 1474 res
801 1412 898 1472 divina
921 1409 1004 1472 fieret
1026 1457 1036 1483 ,

347 1493 443 1575 gallos
466 1493 640 1576 gallinaceos
658 1495 687 1552 in
709 1513 746 1553 eo
770 1493 838 1553 loco
859 1494 899 1551 sic
924 1493 1037 1553 assidue

339 1593 454 1633 canere
477 1572 592 1654 coepille
611 1618 620 1645 ‚
641 1590 673 1632 ut
696 1573 764 1632 nihil
788 1575 1037 1642 intermitterent:

347 1671 414 1714 tum
432 1675 466 1712 ao
507 1674 552 1713 res
572 1652 669 1727 dixiffe
690 1652 851 1728 Boeotios,
875 1651 1038 1713 Thebano·

342 1754 449 1794 -rume
473 1754 489 1794 e
507 1733 677 1806 victoriam,
696 1752 852 1814 propterea
873 1734 1036 1816 quodxa'vjs

339 1814 398 1879 illa
416 1814 492 1874 vidia
513 1814 598 1873 silere
616 1813 709 1884 solet3
730 1834 856 1883 canere,
877 1816 899 1872 si
918 1812 1038 1874 vicisset.

338 1948 342 1953 .
390 1912 442 1972 75.
464 1893 634 1975 Eademque
652 1892 823 1971 tempestate
841 1893 938 1951 multis
951 1895 1038 1974 signis

350 1972 581 2034 Lacedaemoniis
601 1972 755 2032 Leuclricae
773 1993 878 2054 pugnae
893 1973 1038 2033 calamitas

337 2053 586 2114 denuntiabatur.
606 2051 741 2133 Namque
759 2055 791 2112 &
807 2051 973 2133 Lysandri,
990 2057 1039 2134 qui

331 2133 644 2203 ,Lacedaemoniotum
662 2133 832 2193 clarissimus
851 2132 962 2207 fuerat,
981 2133 1040 2193 sta-

343 2233 429 2286 .tuae‚
446 2236 509 2294 quae
527 2213 651 2293 Delphis
669 2212 778 2287 stabat,
803 2217 832 2273 in
846 2217 939 2294 capite
956 2236 1040 2275 coro·

352 2316 390 2353 na
405 2293 496 2355 subito
508 2293 612 2354 exstitit
626 2315 662 2355 ex
671 2294 775 2376 asperis
789 2295 885 2356 herbis
900 2295 931 2356 &
944 2316 1041 2378 agros·

352 2376 448 2435 tibus:
471 2375 614 2513 stenaejue
632 2396 725 2435 aureae
748 2397 840 2456 ‚quae
860 2375 986 2457 Delphis
1006 2396 1040 2438 e·

352 2471 453 2515 tanta
477 2455 553 2515 Lace
575 2458 706 2515 aemoniis
729 2458 831 2535 positae
856 2454 920 2536 post
948 2477 1040 2516 nava·

354 2536 414 2596 lem
433 2535 513 2595 illam
531 2535 679 2594 victoriam
699 2534 860 2615 Lysandri,
876 2535 932 2616 quai
950 2537 1040 2597 Athe·

354 2613 467 2676 nienses
488 2616 677 2675 conciderunt
694 2623 707 2690 (
724 2637 779 2696 qua
798 2618 827 2675 in
849 2636 945 2698 pugna
974 2619 1041 2698 quia

355 2693 460 2756 Castor
481 2697 514 2755 &
535 2695 638 2755 Pollux
658 2716 724 2754 cum
748 2695 1040 2772 Lacedaemoniorum

355 2773 439 2841 claffe
456 2778 511 2836 visi
528 2774 584 2836 elle
602 2776 788 2850 dicebantur,
803 2798 905 2836 eorum
921 2779 974 2835 insi
997 2780 1042 2839 nia

356 2855 500 2928 deorum,
520 2854 606 2916 stella
628 2877 720 2916 aureae
739 2900 749 2929 ,
768 2879 838 2938 quas
861 2857 937 2929 dixi,
992 2858 1039 2917 el-

332 2991 334 2995 .
354 2935 419 3016 phis
439 2936 570 3017 positae)
593 2937 678 3016 paulo
698 2935 960 2998 anteLeudlricam
981 2958 1040 3019 pu-

333 3036 444 3101 „gnam
463 3016 651 3092 deciderunt,
664 3035 760 3099 neque
769 3032 890 3157 reperi?
900 3015 974 3111 font,
1001 3030 1004 3035 .

899 3117 930 3178 ¹¹1
