2709 4017
330 490 409 566 400
461 470 526 539 Da
559 465 890 550 murmurosa,

326 584 448 658 messes,
466 604 538 665 quos
549 583 616 643 ante
634 582 714 656 dixi,
733 582 814 663 qubd
827 605 917 667 agros
934 585 1022 646 uber·

325 670 416 727 timos
431 664 612 745 maximeque
620 662 729 723 fertiles
740 667 892 738 incolunt,
912 668 943 725 in
956 670 1022 747 qui-

326 748 381 808 bus
403 747 493 806 multa
514 763 635 826 propter
654 741 867 805 secunditatem
889 744 962 828 fingi
983 751 1022 829 gi-

305 858 307 863 ·
327 829 435 909 gnique
451 824 585 905 possunt,
602 829 632 884 in
646 823 765 885 ostentis
782 826 1020 888 animadverten-

331 908 375 967 dis
387 906 434 971 dil'
458 923 538 965 entes
550 905 674 965 fuerunt.

323 1032 326 1039 .
369 984 440 1048 XLI
469 1029 477 1045 .
498 984 577 1063 Quis
586 987 665 1047 *verb
676 1007 737 1045 non
746 985 829 1046 videt
839 1030 850 1057 ,
867 987 898 1046 in
910 989 1022 1068 optima

331 1086 446 1147 quaque
460 1067 607 1147 republica
620 1067 774 1146 plurimirm
791 1065 916 1189 auspicia
930 1070 962 1128 δι
975 1089 1023 1129 re-

332 1147 411 1228 liqua
425 1147 573 1206 divinandi
592 1167 701 1227 genera
712 1145 847 1206 valuisse.
873 1147 953 1228 Quis
973 1169 1022 1209 rex

325 1247 472 1308 'umquam
484 1227 558 1300 suit,
572 1231 635 1307 quis
652 1228 796 1306 populus,
811 1230 863 1307 qui
882 1249 944 1287 non
962 1247 1023 1290 ute·

332 1326 412 1369 retur
426 1309 611 1389 praedidione
625 1307 746 1366 divina?
767 1327 863 1388 neque
876 1306 975 1369 solum
995 1313 1022 1370 in

333 1408 427 1470 pace,
447 1387 498 1449 sed
523 1391 553 1449 in
575 1389 655 1448 bello
681 1388 774 1457 multb
798 1391 889 1448 etiam
910 1391 1022 1471 magis3

334 1470 394 1551 qui)
410 1467 502 1547 majus
515 1486 577 1529 erat
594 1485 741 1528 certamen
760 1467 792 1528 ὃ(
813 1467 968 1530 discrimen
988 1469 1025 1530 sa·

334 1550 411 1609 lutis.
432 1548 550 1609 Omitto
568 1548 706 1621 nostros,
731 1550 781 1629 qui
800 1549 871 1608 nihil
895 1551 926 1609 in
944 1551 1024 1611 bello

336 1631 399 1689 sine
417 1633 490 1690 extis
507 1651 523 1687 a
544 1647 614 1700 unt,
630 1629 703 1688 nihil
716 1631 778 1689 sine
795 1631 926 1709 auspiciis
943 1631 1026 1692 domi

336 1709 456 1770 babent.
474 1650 610 1790 Auspicia
628 1725 748 1769 externa
766 1710 929 1770 videamus.
948 1710 1025 1772 Nam

338 1789 584 1852 &Athenienses
609 1790 745 1849 omnibus
769 1789 883 1870 semper
903 1792 1026 1872 publicis

336 1873 464 1936 consiliis
478 1873 593 1937 divinos
606 1869 747 1951 quosdam
757 1869 921 1932 sacerdotes
933 1917 943 1947 ‚
953 1893 1025 1953 quos

329 1959 446 2033 «μάντεις
458 1969 586 2024 vocant,
602 1952 814 2022 adhibuerunt3
834 1952 867 2012 &
890 1952 1026 2014 Lacedae·

338 2035 432 2096 monii
449 2034 565 2114 regibus
577 2032 631 2092 suis
646 2052 786 2113 augurem
799 2030 964 2093 assessorem
976 2035 1027 2094 de·

340 2114 444 2177 derunt
457 2134 466 2184 3
478 2116 607 2193 itemque
620 2111 733 2173 senibus
752 2111 815 2190 (sic
830 2115 911 2173 enim
928 2116 1026 2174 consi-

337 2195 410 2256 lium
427 2195 575 2275 publicum
587 2191 760 2273 appellant)
774 2213 915 2274 augurem
934 2197 1027 2256 inter-

339 2273 397 2335 effe
414 2275 589 2344 voluerunt3
609 2272 756 2354 iidemque
773 2272 814 2333 de
830 2274 918 2336 rebus
934 2273 1027 2354 majo·

338 2354 418 2415 ribus
438 2353 551 2432 semper
567 2370 616 2413 aut
634 2351 695 2414 Del
718 2354 760 2413 his
780 2355 958 2431 oraculum,
980 2371 1028 2417 aut

339 2433 377 2494 ab
392 2433 581 2506 Hammone,
595 2450 643 2493 aut
661 2456 677 2493 a
691 2376 827 2494 lrodona
836 2436 989 2575 petebant.

361 2596 368 2610 θ
381 2514 431 2592 96.
452 2513 603 2597 Lycurgus
616 2514 756 2595 (pridem,
775 2516 825 2593 qui
864 2517 1029 2578 acedaemo·

339 2615 455 2656 morum
480 2597 691 2676 rempublicam
714 2600 921 2733 temperavit,
950 2599 978 2658 le
997 2618 1028 2658 es

340 2675 409 2737 suas
422 2675 590 2736 ausioritate
602 2676 748 2755 Apollinis
799 2675 906 2756 elphici
924 2699 961 2738 co
1003 2700 1029 2738 r·

340 2759 454 2818 mavit:
471 2775 541 2835 quas
561 2776 649 2835 quum
666 2756 756 2816 vellet
779 2754 930 2834 Lysander
949 2779 1030 2819 com·

339 2854 475 2907 mutare,
495 2835 600 2894 eidem
626 2833 666 2894 est
692 2836 853 2915 prohibitus
877 2837 1032 2920 religione.

341 2916 441 2997 Atque
456 2916 544 2974 etiam
559 2915 608 2994 qui
621 2933 762 2992 praeerant
779 2914 1031 2990 Lacedaemoniis,

339 3016 402 3060 uon
419 2997 549 3078 contenti
566 2996 750 3078 vigilantibus
768 3002 867 3073 curis,
892 3000 923 3060 in
946 2998 1030 3060 Pasi-
