2709 4017
327 570 347 596 u
396 552 555 620 zrnnn
585 532 859 619 arcontius.
898 555 977 644 4177

285 662 367 726 tium
394 681 472 724 ortus
496 666 640 744 pertinere
662 683 723 722 non
744 663 837 724 dicere
856 684 865 737 ;
899 663 981 745 quod

282 766 358 805 mon
370 747 449 805 certe
459 747 599 825 pertinet:
609 743 679 802 illud
692 743 786 804 nescio
797 745 866 824 quid
877 761 983 819 tenue,

284 826 376 906 quod
393 823 489 884 sentiri
506 826 587 884 nullo
608 824 723 897 modo,
740 825 858 905 intelligi
880 843 979 898 autem

284 908 345 965 ‘vix
358 903 473 985 potest,
487 927 550 986 qnae
563 904 679 977 alona,
699 904 856 985 ceterisque
879 905 980 965 sideri-

284 987 350 1046 ·bus
366 986 431 1044 coeli
441 986 616 1065 temperatio
627 983 698 1058 fiat,
716 985 812 1046 dicere
826 985 862 1043 ad
874 1004 983 1065 pueroq

288 1083 451 1125 rumonus
463 1063 630 1146 pertinere?
945 1082 948 1086 ·

286 1166 291 1176 ’
339 1164 389 1225 95.
410 1146 493 1225 Quid
505 1145 516 1204 ἓ
527 1145 607 1226 quod
624 1165 684 1204 non
697 1144 881 1226 intelligunt,
903 1144 984 1205 semla

289 1247 369 1286 ,num
385 1228 468 1298 vim,
490 1247 554 1305 qnae
569 1226 605 1284 ad
616 1226 813 1313 gignendum,
830 1245 985 1304 procrean-

292 1307 428 1386 dumque
447 1307 602 1386 plurimum
618 1306 734 1377 valeat,
755 1303 880 1363 funditus
898 1305 985 1379 tolli,

292 1387 457 1446 ‘mediocris
466 1383 638 1446 errorisest?
653 1387 716 1465 quis
728 1387 805 1443 enirn
815 1406 874 1444 non
886 1385 986 1459 videt,

299 1467 335 1527 &
350 1465 477 1540 formas,
501 1467 533 1526 ὃ(
547 1485 663 1537 mores,
683 1465 714 1523 &
730 1464 881 1545 plerosque
899 1464 986 1524 status

289 1567 336 1606 'ac
359 1564 456 1625 motus
475 1546 612 1627 effingere
636 1544 832 1624 aparentibus
853 1546 986 1606 liberos?

300 1629 384 1708 quod
396 1648 457 1686 non
471 1631 673 1707 contingeret,
688 1628 720 1684 'si
740 1627 795 1685 hoc
809 1647 870 1685 non
886 1630 931 1685 nis
953 1627 987 1687 δε

294 1723 402 1766 ,natura
414 1709 593 1790 gignentium
608 1704 757 1778 efficeret,
776 1705 824 1764 sed
839 1723 990 1786 tempera·

278 1806 281 1810 ⁴
301 1790 348 1847 tio
363 1788 436 1847 lunae
455 1788 578 1867 coelique
591 1786 765 1845 moderatio.
783 1785 887 1863 Quid?
907 1786 988 1866 quod

296 1889 366 1927 uno
385 1869 534 1928 &eodem
548 1869 689 1946 temporis
702 1865 808 1944 pundo
827 1868 906 1938 nati,
928 1866 990 1926 dit·

304 1948 460 2008 similes&
475 1965 609 2019 naturas,
630 1948 770 2019 devitas,
793 1947 824 2005 ὃ(
842 1945 919 2004 casus
937 1947 990 2006 ha·

305 2031 399 2102 bent3
419 2047 557 2108 parumne
578 2027 743 2099 declarant,
759 2025 826 2084 nihil
845 2027 880 2083 ad
899 2046 990 2106 agen-

308 2109 378 2168 dam
403 2111 491 2167 vitam
518 2107 651 2167 nascendi
676 2122 791 2185 tempus
816 2107 990 2185 pertinere?

308 2190 365 2249 niti
381 2185 458 2247 forte
477 2205 608 2268 putamus
627 2186 774 2246 neminem
788 2186 898 2246 eodem
911 2204 992 2246 tem·

305 2288 386 2350 'pore
399 2267 459 2348 ipso
479 2269 511 2328 dt
523 2287 720 2348 conceptum,
741 2266 772 2325 &
791 2285 910 2336 natum,
932 2289 992 2350 quo

308 2346 492 2426 Africanum.
508 2347 588 2408 Num
602 2352 663 2429 quis
675 2348 828 2428 igitnrtalis
838 2345 912 2407 fuit?
967 2365 971 2370 ·

354 2428 464 2488 XLVI.
485 2428 588 2507 Quid?
605 2430 713 2488 illudne
728 2429 846 2486 dubium
857 2425 913 2496 est,
925 2427 995 2564 dum

308 2510 397 2570 multi
410 2511 423 2581 ,'
440 2530 530 2590 quum
548 2512 586 2568 ita
606 2510 665 2567 nati
677 2505 787 2576 ..ellent‚
812 2524 843 2564 nt
864 2526 926 2587 quae
948 2525 996 2565 am

312 2605 418 2649 contra
426 2607 556 2649 naturam
565 2589 724 2667 depravata
740 2587 900 2658 haberent,
919 2583 998 2646 resti·

296 2689 490 2742 ¹tuerentur,
513 2671 546 2728 δι
571 2672 780 2749 corrigerentur
807 2684 853 2725 aut
875 2666 999 2747 naturi,

314 2771 406 2832 quum
422 2749 450 2809 se
466 2750 525 2831 ipsa
540 2747 699 2809 revotallet
716 2792 725 2820 ,
744 2763 791 2806 aut
810 2765 892 2817 ane,
912 2763 1000 2822 atque

314 2831 484 2900 medicind3
505 2846 535 2888 nt
557 2850 680 2910 quorum
700 2829 802 2908 linguae
822 2828 861 2884 sic
879 2824 1000 2882 inliaere·

315 2926 401 2981 rent,
420 2927 452 2968 ut
471 2910 551 2989 loqui
570 2930 629 2967 non
647 2907 786 2990 pollent,
808 2925 848 2962 eae
864 2901 999 2980 scalpello

315 2989 431 3050 resedae
453 2989 659 3048 liberarentur?
682 2988 769 3046 Multi
788 2986 873 3042 etiam
894 2999 1001 3042 naturae

300 3072 421 3134 evitium
428 3070 620 3144 meditatione
631 3085 720 3149 atque
731 3063 936 3131 exercitatione
947 3059 994 3126 sus
1000 3125 1003 3132 ,
