2709 4017
403 517 790 588 Lrnrnrnrnrus,
856 535 942 611 405-
1013 509 1015 515 ’

254 652 316 714 ego
334 630 449 703 audivi,
464 652 552 712 quum
568 631 697 705 diceret,
715 632 942 694 Caeciliam‘Me-

254 713 319 773 telli
337 756 347 784 ‚
368 732 458 792 quum
484 712 574 771 vellet
596 711 701 773 sororis
724 713 778 772 suae
799 712 886 773 filiam
910 717 942 772 in·

255 794 472 852 matrimonium
491 793 635 852 collocare
655 837 664 866 ‚
687 792 771 853 exille
790 796 818 851 in
842 794 945 874 quod-¹

256 873 325 932 dam
336 870 470 931 sacellum
482 875 587 930 ominis
600 874 734 951 capiendi
747 874 847 945 causai3
859 871 940 953 quod

256 950 320 1015 fieri
338 971 422 1011 more
441 971 576 1011 veterum
592 951 711 1013 solebat.
736 954 837 1033 Quum
856 956 945 1034 virgo

256 1031 364 1102 staret,
384 1032 416 1091 &
437 1030 554 1092 Caecilia
571 1035 599 1090 in
616 1033 683 1093 sella
697 1033 830 1106 sederet,
846 1053 943 1114 neque

257 1113 308 1174 diu
324 1111 382 1172 ulla
392 1132 454 1170 vox
471 1110 634 1183 exstitillet‚
653 1114 778 1192 puellam
798 1112 943 1194 defatiga-

256 1208 318 1253 tam
340 1189 449 1272 petiille
468 1213 486 1250 a
507 1209 686 1264 matertera,
705 1212 736 1252 ut
757 1195 812 1252 sibi
831 1213 943 1252 conce·

258 1273 344 1339 deret
381 1271 521 1350 aulil'pet‚
535 1289 566 1330 ut
579 1274 607 1330 in
623 1271 686 1348 ejus
703 1273 769 1331 sella
786 1277 946 1352 requielce·

257 1371 320 1415 ret:
337 1295 415 1412 illim
431 1369 527 1410 autern
544 1351 660 1426 dixisse,
673 1351 756 1413 Vero
766 1397 775 1425 ‚
785 1373 850 1412 mea
862 1353 945 1433 puel·

258 1434 309 1507 la,
328 1433 379 1492 tibi
393 1433 524 1492 concedo
545 1452 624 1491 meas
641 1430 742 1492 sedes:
757 1434 838 1512 quod
854 1452 944 1492 omen

258 1534 308 1577 res
329 1511 482 1573 consecuta
498 1511 538 1572 est
557 1533 566 1584 3
586 1512 645 1592 ipsa
661 1516 740 1573 enim
757 1514 841 1573 brevi
858 1533 942 1572 mor-

259 1610 310 1656 tua
332 1593 396 1665 est3
421 1596 504 1674 virgo
522 1611 619 1653 autern
635 1597 738 1673 *nupsit
759 1596 811 1653 cui·
827 1591 943 1653 Caecilia

259 1692 351 1755 nupta
373 1673 480 1733 fuerat.¹
498 1673 568 1732 Haec
610 1673 669 1734 offe
694 1677 869 1744 contemni,
893 1673 944 1732 vel
980 1706 986 1711 -

261 1759 351 1818 etiam
374 1754 457 1829 rideri
476 1797 486 1825 ‚
510 1695 644 1834 praecidere
665 1756 820 1836 intelligo:
843 1753 890 1813 sed
913 1753 944 1812 id

254 1835 353 1918 'ipsum
365 1826 405 1895 est
418 1835 490 1894 deos
508 1855 567 1893 non
585 1851 706 1913 putare,
724 1856 788 1914 quae
806 1833 842 1892 ab
859 1836 891 1891 iis
906 1835 945 1892 si·

263 1914 452 2000 gnificantur‚
479 1932 680 1974 contemnere.
939 1949 943 1956 -

305 1993 429 2057 XLVII.
447 1995 529 2075 Quid
543 1995 579 2054 de
594 1994 745 2076 auguribus
760 1992 877 2133 lopuar?
891 2009 947 2053 tuae

263 2096 362 2160 partes
377 2075 440 2135 funt
454 2097 463 2135 ε
481 2092 581 2146 tuum,
595 2078 712 2155 inquam
726 2121 734 2147 ,
758 2097 792 2134 au
806 2077 947 2154 piciotum

263 2159 458 2241 patrocinium
479 2156 568 2237 debet
586 2154 660 2217 elle:
680 2158 731 2214 tibi
752 2155 833 2234 App.
853 2152 947 2215 Clau·

265 2239 329 2299 dius
352 2257 444 2318 augur
462 2236 570 2295 consuli
590 2238 754 2308 nuntiavit,
777 2234 947 2295 addubitato

265 2318 370 2382 Salutis
386 2318 522 2400 augurio,
541 2317 649 2376 bellurn
667 2314 856 2377 domesticum
870 2314 948 2376 triste'

265 2399 516 2460 ac’turbulentum
537 2396 602 2457 fore
624 2417 633 2468 ;
656 2397 736 2478 quod
763 2401 860 2477 paucis
885 2394 949 2475 post

266 2481 415 2542 mensibus
434 2498 591 2550 exortum,
613 2478 794 2556 paucioribus
819 2498 835 2534 a
859 2494 888 2534 te
908 2473 949 2535 est

268 2560 371 2620 diebus
389 2557 565 2639 oppressum.
583 2556 639 2617 Cui
657 2558 775 2637 quidem
789 2557 887 2635 auguri
900 2570 965 2614 ve·l

267 2641 421 2700 hementer
438 2637 590 2699 assentior:
607 2636 682 2696 solus
700 2641 777 2696 enim
793 2637 949 2694 multorum

268 2738 411 2781 annorum
434 2718 575 2780 memorii
593 2762 603 2790 ,
623 2738 684 2776 non
707 2713 878 2775 decantandi
899 2735 951 2772 au-

269 2804 363 2883 gurii,
388 2800 436 2861 sed
465 2799 621 2864 divinandi,
639 2801 730 2857 tenuit
751 2794 949 2872 disciplinam:

292 2900 359 2938 uem
375 2879 531 2939 irridebant
540 2878 660 2958 collegae
674 2879 735 2948 tui,
750 2892 874 2954 eumque
889 2890 952 2932 tum

267 2902 417 3034 disiderii,
435 2976 497 3018 tum
516 2959 658 3019 Soranum
675 2975 812 3038 augurem
832 2949 888 3013 effe
906 2951 953 3010 di·

273 3041 402 3103 cebant:
422 3041 525 3120 quibus
545 3039 623 3099 nulla
640 3037 793 3101 videbatur
812 3035 842 3094 in
863 3050 954 3115 augu-
