2709 4017
386 394 462 487 v148
500 395 573 463 Dr
590 407 759 461 muna
785 409 992 474 osonum,

386 507 486 569 mundi
506 523 619 568 motum
638 524 740 586 regat,
757 521 842 588 atque
858 523 986 566 tueatur:
1006 523 1071 566 tunt

386 588 453 647 coeli
472 588 606 647 ardorem
627 586 714 646 deum
732 587 798 645 dicit
812 582 890 657 effe,
909 606 968 644 non
981 588 1072 646 iutel-

387 667 481 748 ligens
503 668 610 728 coelum
629 665 731 724 mundi
752 663 808 725 esse
825 682 960 746 partem,
982 686 1073 745 quem

389 748 447 806 alio
461 747 529 808 loco
546 746 606 826 ipse
624 746 779 827 designarit
791 746 888 804 deum.
902 743 1072 825 Quomodo

387 845 487 887 autem
507 829 571 888 coeli
585 826 697 886 divinus
717 825 765 885 ille
785 824 878 885 sensus
895 828 923 884 in
943 826 1075 885 celerita-

389 923 420 966 te
440 924 518 967 tanta
535 905 698 967 conservari
717 904 831 986 potest?
847 905 895 965 ubi
913 904 1019 966 deinde
1033 907 1075 965 illi

388 994 436 1045 rot
447 987 501 1062 dii,
517 989 541 1046 si
553 1007 736 1046 numeramus
745 987 831 1046 etiarn
844 985 950 1044 coelum
962 986 1074 1046 deum?

391 1064 497 1145 Quum
510 1083 608 1126 autem
623 1068 684 1126 sine
700 1085 823 1147 corpore
842 1066 921 1124 idem
940 1067 1003 1125 vult
1015 1065 1075 1127 elle

390 1147 509 1219 deum,
534 1149 615 1207 omni
636 1147 717 1205 illum
735 1144 814 1206 sensu
837 1148 960 1224 privat,
983 1147 1077 1206 etiarn
1101 1192 1103 1198 .

294 1227 297 1231 ’
391 1228 554 1308 prudentii.
569 1227 641 1306 Quo
659 1227 749 1306 porri>
763 1225 854 1285 modo
868 1224 991 1284 mundus
1004 1246 1078 1286 mo·

391 1312 456 1368 veri
475 1328 574 1369 carens
596 1325 743 1386 corpore3
762 1321 810 1365 aut
827 1305 979 1385 quomodo
998 1303 1075 1365 sem*

391 1387 495 1467 perse
523 1406 678 1458 movens,
705 1383 762 1444 esse
780 1386 892 1465 quietus
915 1385 947 1444 δι
970 1385 1077 1446 beatus

392 1465 487 1546 potest
497 1464 509 1523 ?

436 1562 483 1621 34.
507 1541 572 1601 Nec
594 1541 667 1602 verb
688 1539 749 1620 ejus
773 1539 983 1620 condiscipulus
1009 1543 1078 1606 Xe·

391 1638 526 1682 nocrates
537 1624 566 1681 in
575 1621 632 1681 hoc
645 1640 752 1702 genere
769 1621 960 1702 prudentior3
977 1623 1008 1682 in
1023 1645 1078 1684 cu·

393 1699 438 1780 jus
462 1702 566 1775 libris,
589 1698 638 1782 qui
660 1700 723 1761 sunt
741 1701 778 1762 de
796 1700 905 1761 Natura
924 1701 1075 1779 deorum,

393 1783 472 1842 nulla
480 1782 590 1863 species
602 1783 699 1844 divina
710 1780 892 1843 describitur:
909 1781 981 1842 deos
995 1785 1077 1843 enim

394 1862 461 1923 odio
479 1862 535 1923 effe
548 1863 621 1922 dicit
628 1883 642 1935 ·;
653 1865 778 1943 quinque
792 1883 862 1935 eos,
881 1864 972 1942 quiin
988 1860 1090 1929 stellis.

394 1946 484 2025 vagis.
494 1944 699 2015 nominantur3
719 1964 828 2015 unum,
846 1944 894 2020 qui
913 1961 950 2001 ex
963 1945 1079 2002 'omni-

393 2023 447 2081 bus
465 2023 627 2094 sideribus,
646 2042 709 2101 quae
723 2020 808 2080 infixa
828 2022 906 2079 coelo
926 2019 988 2079 sunt
1006 2065 1016 2092 ,
1037 2042 1076 2082 ex

258 2134 261 2138 ·
308 2157 310 2160 .
395 2102 527 2182 dispersis
543 2103 622 2180 quasi
635 2099 771 2159 membris
786 2100 907 2177 simplex
923 2102 958 2158 sit
970 2118 1080 2180 putan-

396 2182 449 2239 dus
472 2180 543 2238 deus
568 2199 576 2237 :
600 2176 782 2258 septimum,
803 2177 894 2237 solem
915 2175 1079 2261 adjungit;
1118 2244 1119 2249 ,

397 2259 611 2338 uanumque,
631 2259 744 2317 lunam:
769 2260 891 2338 quiquo
908 2256 988 2317 sensu
1006 2262 1080 2322 bea.

395 2341 418 2398 ri
442 2336 499 2398 elle
521 2340 650 2418 possint,
675 2337 795 2419 intelligi
818 2357 878 2396 non
900 2336 1005 2417 potest.
1031 2340 1079 2401 Ex

397 2419 502 2480 eadem
525 2418 652 2478 Platonis
669 2417 765 2477 schola
788 2416 925 2477 Ponticus
945 2418 1080 2479 Heracli·

395 2500 448 2560 des
474 2497 629 2580 puerilibus
652 2497 754 2558 fabulis
776 2497 889 2558 refersit
908 2497 1016 2558 libros:
1041 2499 1078 2560 δε

396 2599 497 2641 tamen
518 2579 609 2638 modb
628 2578 788 2652 mundum,
807 2595 867 2636 tum
886 2596 1014 2638 mentem
1032 2578 1080 2638 di-

396 2663 496 2720 vinam
511 2657 571 2719 elle
587 2675 689 2738 putat:
709 2659 867 2718 errantibus
886 2659 972 2718 etiam
990 2657 1079 2718 stellis

399 2741 577 2800 divinitatem
588 2737 705 2808 tribuit,
719 2736 855 2817 sensuque
866 2737 951 2797 deum
965 2738 1078 2817 privat,

398 2821 432 2879 δι
451 2817 511 2897 ejus
527 2817 650 2877 formam
665 2817 833 2875 mutabilem
847 2815 902 2876 effe
921 2817 1003 2876 vult:
1024 2837 1080 2877 eo·

396 2900 522 2979 demque
545 2900 575 2957 in
594 2898 668 2957 libro
686 2895 776 2958 rursus
793 2913 898 2961 terram
921 2896 1080 2959 &coelum

396 2978 484 3040 refert
498 2983 533 3057 in
551 2977 636 3040 deos.
