2709 4017
392 377 469 472 508
485 378 550 446 Dr
566 356 884 457 mirmiram,
899 374 995 449 Lan.
1009 379 1061 451 ΙΙ.

394 513 433 553 eo
444 491 509 572 ipso
537 492 645 552 lurimae
658 510 732 548 curae
744 485 897 568 metusque
912 488 1082 550 nascuntur:

393 513 574 652 quiquidem
588 573 642 650 ipsi
656 566 747 650 perse
762 568 856 626 minhs
868 569 1031 643 valerent,
1052 571 1081 630 δι

394 653 487 730 magis
514 664 794 720 contemnerentur,
822 648 877 705 nisi
903 647 1084 709 somniorum

396 731 588 808 patrocinium
614 727 777 808 philosophi
797 724 1010 806 suscepissent,
1032 749 1083 788 nec
1127 778 1129 803 ,

395 811 416 868 ἰί
437 809 556 889 quidem
578 808 837 886 contemptissimi,
857 805 908 867 sed
932 810 963 866 in
990 810 1083 888 primis

393 890 502 961 acuti,
530 889 562 948 ὃ(
583 887 813 966 consequentia,
836 885 878 944 δι’
894 905 971 968 repu
994 890 1083 947 nantia

394 969 552 1039 ¹uidentem
572 968 621 1046 qui
633 966 727 1046 prope
744 963 803 1043 jam
819 963 946 1026 absoluti
964 908 1003 1026 ξι
1019 987 1081 1047 per·

398 1046 634 1125 sedi-putantur:
655 1065 779 1127 quotum
800 1044 925 1104 licentiae
942 1048 998 1106 nisi
1016 1045 1083 1107 Car·

398 1124 509 1186 neades
526 1123 686 1198 restitisset,
703 1124 778 1183 haud
796 1121 855 1184 scio
872 1168 884 1196 ,
906 1146 944 1183 an
961 1124 1016 1185 soli
1031 1125 1082 1205 jan

397 1203 563 1286 philosophi
580 1203 790 1284 judicarentur:
809 1222 876 1262 cum
895 1206 1004 1283 quibus
1021 1227 1083 1266 orn·

399 1287 446 1344 nis
456 1284 516 1346 fere
527 1287 613 1345 nobis
623 1285 789 1364 disceptatio
801 1285 1017 1366 contentioque
1028 1283 1082 1356 esi3

401 1385 464 1425 non
478 1365 557 1444 quod
572 1385 623 1425 eos
637 1364 761 1424 maxime
774 1379 1022 1436 contemnamus,
1039 1363 1082 1426 sed

400 1445 483 1524 quod
499 1445 635 1504 videntur
654 1443 815 1503 acutissime
831 1441 991 1505 sententias
1008 1444 1082 1516 suas,

400 1523 681 1602 prudentissimeque
691 1522 862 1583 defendere.
875 1521 987 1601 Quum
994 1543 1083 1584 autent

400 1605 552 1681 proprium
573 1604 608 1661 sit
631 1602 824 1674 Academiae,
843 1598 984 1680 judicium
1010 1603 1082 1664 suum

402 1680 514 1740 nulium
530 1683 737 1762 interponere,
755 1700 789 1742 ea
802 1682 948 1762 probare,
967 1704 1032 1764 quae
1050 1685 1085 1743 si·

403 1761 525 1820 millima
540 1764 605 1822 veti
622 1764 795 1834 videantur,
815 1761 952 1823 conferre
976 1763 1084 1837 causas,

404 1841 438 1901 &
448 1842 516 1921 quid
530 1843 559 1900 in
571 1862 715 1923 quamque
730 1840 901 1901 sententiam
912 1842 969 1902 dici
982 1846 1084 1924 possit,

405 1940 579 2000 expromere
590 1941 600 1994 ;
612 1924 689 1981 nulli
703 1921 828 1980 adhibita
840 1920 890 1982 sud
904 1923 1068 1984 austoritate
1074 1965 1084 1992 ,

405 1999 542 2080 judicium
550 2001 726 2061 audientium
734 2001 897 2078 relinquere
906 2005 966 2062 inte
988 2022 1085 2061 rumac

406 2081 548 2140 liberum:
563 2083 725 2142 tenebimus
740 2080 811 2138 hanc
825 2024 1086 2142 consuetudinema

407 2160 528 2220 Socrate
538 2162 671 2220 traditam
684 2182 693 2234 ;
706 2161 797 2240 estque
809 2161 886 2219 inter
897 2183 972 2236 nos,
987 2165 1009 2220 si
1019 2161 1086 2233 tibi,

407 2237 521 2312 Quinte
539 2239 647 2311 frater,
663 2240 806 2319 placebit,
829 2239 918 2319 quaint
937 2242 1084 2321 saepissime

407 2333 532 2375 utemur.
554 2315 628 2376 Mihi
645 2320 737 2392 vero,
751 2321 841 2399 inquit
856 2320 928 2393 ille,
948 2322 1017 2381 nihil
1031 2335 1084 2399 po·-

408 2395 461 2535 pest
470 2395 526 2490 effe
538 2393 697 2474 jucundius.
709 2397 789 2480 Quae
800 2419 892 2480 quum
905 2399 998 2464 effent
1008 2399 1084 2474 dina,

421 2495 587 2542 uffelssmus·

722 2668 777 2780 h
811 2784 814 2791 .
