2709 4017
427 477 497 550 168
536 475 603 543 Du
627 487 797 543 NATURA
825 486 1033 560 Monuni,

421 579 499 649 ortus
509 575 679 662 ‚interitus,
695 585 886 660 omniafere,
903 585 1007 666 quibus
1023 599 1105 649 natu·

419 690 458 730 rae
476 685 549 729 totto
568 686 741 730 continetur.

459 758 511 823 74.
534 748 620 808 Nunc
640 748 714 808 istud
736 747 816 830 quasi
836 764 941 825 corpus
965 743 999 805 &
1023 749 1105 827 quasi

419 827 585 909 sanguinem
596 829 696 910 {quid
716 830 750 888 sit
766 825 924 906 intelligis?
945 836 1002 906 ego
1024 829 1103 892 enim

419 908 489 967 scire
507 925 537 969 te
551 907 602 968 ista
617 911 740 982 melius,
796 906 842 966 im
855 924 921 978 me,
932 926 994 966 non
1007 903 1104 967 fateor

418 988 541 1062 solum,
566 987 616 1048 sed
640 991 730 1051 etiam
755 928 839 1046 idcile
856 987 968 1066 ,pation
998 984 1102 1065 Quum

357 1132 361 1136 ,
419 1069 538 1148 quidem
554 1068 644 1129 semel
662 1068 835 1139 dictasunt,
857 1063 999 1146 quidest,
1019 1066 1101 1148 quod

419 1147 551 1208 Velleius
579 1150 741 1231 intelligere
770 1147 893 1228 possit,
922 1144 1013 1207 cona
1040 1167 1101 1207 non

419 1228 541 1308 possit?
561 1228 662 1309 Itaque
688 1249 792 1309 corpus
812 1227 886 1307 quid
904 1227 964 1299 sit,
987 1223 1100 1309 sanguis

420 1309 489 1388 quid
508 1309 564 1381 sit,
580 1311 671 1369 intelli
692 1329 730 1370 o:
749 1309 828 1389 quasi
844 1326 969 1385 corpus,
983 1305 1102 1388 &qua-

420 1392 443 1448 si
461 1388 590 1470 sanguis‚
610 1393 658 1468 qui
696 1392 751 1462 sit,
773 1386 852 1447 nullo
872 1384 983 1467 prorsus
1005 1387 1100 1448 modo

418 1468 559 1549 intelligo.
582 1467 687 1549 Neque
705 1486 737 1527 tu
750 1487 800 1527 me
816 1467 891 1526 celas
908 1510 918 1540 ,
935 1481 968 1524 ut
988 1463 1101 1546 Pytha·

363 1637 369 1647 ‘
417 1545 1008 1686 didditdspldaidttididniieiardiiiuionssddtb
1027 1547 1099 1688 (dicii

416 1708 492 1766 inter
509 1670 563 1766 ntis
576 1648 667 1787 licei)
688 1725 725 1767 ne
741 1723 773 1766 tu
789 1623 1077 1787 quidem’inteliigisi³

456 1785 609 1847 XXVII.
633 1785 708 1847 illud
723 1787 813 1846 video
832 1806 959 1868 pugnare
972 1800 1021 1860 te,
1034 1785 1098 1867 spe·

415 1867 475 1926 cies
497 1882 528 1926 ut
550 1866 682 1946 quadam
706 1869 741 1927 sit
765 1868 916 1938 deorum,
940 1887 1005 1946 quae
1026 1867 1098 1927 nihil

414 1948 542 2021 concreti
559 1948 684 2022 hebeat,
698 1948 769 2008 nihil
783 1947 881 2019 solidi,
894 1946 963 2005 nihil
977 1965 1098 2026 expres·

415 2030 459 2101 si,
480 2027 550 2086 nihil
570 2029 753 2100 eminentis,
772 2029 863 2106 sitque
885 2046 956 2104 puta
973 2068 982 2096 ‚
1002 2027 1096 2100 levis,

437 2106 572 2166 etlucida.
595 2105 736 2166 Dicemus
759 2125 830 2184 ergo
847 2105 943 2175 idem,
963 2106 1046 2180 quod
1068 2109 1097 2168 in

450 2205 536 2245 encre
558 2183 648 2245 Coa:
670 2203 776 2262 corpus
792 2182 861 2241 illud
879 2201 938 2238 non
956 2179 998 2241 est
1017 2226 1027 2256 ,
1046 2185 1095 2249 sed

412 2265 505 2323 simile
524 2266 658 2342 corpori,
678 2283 733 2321 nec
752 2262 800 2322 ille
815 2260 889 2320 fusus
912 2262 943 2319 ὃ(
962 2264 1095 2328 candore

412 2346 518 2403 mixtus
545 2343 634 2401 rubor
658 2341 767 2422 sanguis
796 2341 864 2416 est,
886 2340 934 2400 sed
958 2345 1094 2422 quaedam

411 2422 550 2504 sanguinis
569 2422 743 2481 similitudo:
763 2423 848 2481 sicin
867 2421 1013 2503 Epicureo
1033 2425 1093 2487 deo

410 2523 471 2562 non
489 2521 553 2574 res,
564 2501 613 2562 sed
624 2502 821 2562 similitudines
837 2523 931 2562 rerum
943 2500 1011 2562 elle.
1022 2504 1091 2579 Fac,

409 2581 464 2656 id,
502 2582 563 2642 uod
581 2603 618 2643 ne
636 2584 755 2665 intelligi
771 2583 886 2663 quidem
903 2581 1018 2663 potest,
1036 2587 1091 2644 mi·

408 2662 438 2721 hi
469 2603 526 2724 eise
551 2662 738 2741 persuasum:
769 2664 844 2723 cedo
875 2664 944 2722 mihi
971 2661 1089 2741 istorum

408 2742 641 2884 &umbratorum
660 2744 783 2804 deorum
797 2744 990 2817 lineamenta,
1001 2761 1088 2825 atque

443 2842 527 2882 rmus.
1045 2836 1048 2843 ’

430 2902 498 2978 76.
525 2901 595 2962 Non
621 2901 701 2963 deest
722 2902 867 2962 hocloco
890 2904 975 2982 copia
997 2903 1088 2962 ratio-

408 2996 497 3059 num,
513 2983 614 3065 quibus
628 2983 735 3047 docere
749 2982 864 3059 velitis,
875 2983 1013 3122 human?
1031 2981 1088 3043 elie

992 3083 1087 3124 ortuas
