2709 4017
332 516 399 580 ”4
552 498 805 563 Nostana

329 599 460 667 dequibus
475 597 522 665 jam
540 599 609 666 supra
625 594 727 651 trientis.
745 600 812 651 Vide
830 600 862 652 de
877 600 1034 668 Divinatio·,

328 690 360 724 ne
380 688 416 730 1,
435 689 478 734 77·
1031 718 1035 724 .

365 761 440 806 205,
460 760 484 794 t.
506 743 672 803 crinitas.1ta
692 759 723 794 ex
743 743 836 797 Eliensi
856 747 883 798 δι
900 748 952 799 aliis
968 747 1019 799 mii.

326 817 452 879 Davisius.
472 817 556 884 Vulgi>
576 816 731 866 cincinnatas.

341 905 344 910 ’
364 891 437 948 lbid,
457 905 498 953 13.
517 889 671 940 Varietatem.
689 887 774 955 Vuigd
793 891 935 942 utilitatem.
955 894 1019 943 Cor·

326 964 389 1014 texit
407 980 438 1018 ex,
452 963 503 1013 mff.
525 964 667 1016 Manutius,
683 978 755 1026 quem
770 962 879 1028 sequitur
891 966 1016 1016 Davisius.

365 1053 437 1094 207,
462 1050 503 1098 13.
526 1035 691 1089 Animum...
711 1034 789 1084 illum.
811 1037 945 1088 Mallemus
965 1057 1017 1089 cum

326 1109 430 1159 Davisio
442 1109 556 1155 animam.
567 1141 592 1155 ..
609 1106 686 1155 illm.
704 1108 791 1157 Anima
812 1126 858 1174 pro
872 1111 957 1177 spiriru
968 1114 1016 1161 oris

324 1183 387 1247 apud
405 1180 516 1231 nudiores
530 1181 616 1244 passim
634 1179 731 1229 dicitur.

362 1268 433 1317 209,
455 1269 499 1310 κο.
517 1251 638 1311 Tibiciuii.
655 1253 692 1301 lta
710 1252 792 1320 regius
809 1254 961 1324 &plerique
976 1255 1015 1306 alii

324 1329 432 1380 codices.
454 1327 559 1391 Quidam
574 1324 668 1374 tibicini
688 1340 729 1375 aut
750 1326 864 1376 tibicinis.

362 1417 433 1459 211,
450 1416 477 1461 9.
499 1400 608 1454 Calorem
626 1397 720 1446 insitum
741 1398 850 1449 interids.
873 1401 912 1450 Ita
936 1402 1015 1451 Buhe.

322 1477 383 1524 rius.
396 1473 514 1523 Mendusa
533 1473 630 1538 vulgara
649 1471 721 1520 ietiio
741 1471 868 1531 interris,
884 1473 933 1538 qud
950 1475 1015 1525 dice-

324 1563 392 1597 retur
406 1561 471 1596 tetra
488 1546 619 1594 'continere
636 1544 742 1593 calorem
760 1544 858 1595 insitum
874 1546 899 1594 in
916 1548 997 1597 terris.

361 1620 422 1670 ibid.
440 1634 482 1680 17.
497 1615 602 1665 Primrim
616 1612 666 1681 ipse
682 1615 781 1682 liquor,
794 1633 842 1666 tum
853 1636 919 1684 aquae
935 1621 1014 1668 derla-

324 1707 363 1742 vat
377 1690 470 1756 effiasios
494 1689 601 1740 Videtur
623 1691 753 1755 legendum
774 1690 898 1756 ,primdm
916 1689 966 1758 ipse
983 1692 1022 1754 li·-

322 1782 382 1833 quvt
396 1770 461 1831 aqva
475 1762 600 1820 declarat,
620 1761 644 1812 ὃ·
653 1758 739 1826 finio:
755 1763 780 1813 δι
794 1764 879 1814 favent
894 1766 993 1815 codices
1006 1797 1015 1824 ,

242 1850 244 1855 ’
324 1839 349 1896 iu
367 1839 454 1905 quibus
468 1836 590 1887 omittitur
607 1835 695 1884 vocata
709 1849 766 1885 tum.

339 1945 344 1951 .
360 1926 434 1971 214,
456 1916 499 1960 26.
518 1908 577 1983 ραι
590 1926 638 1961 tion
658 1907 755 1956 minoris
773 1908 813 1957 sit.
834 1908 872 1957 lta
889 1908 952 1959 liber
967 1927 1013 1960 ve-

322 1999 362 2035 tus
382 1983 481 2040 Ursini,
501 1999 572 2048 quem
591 1981 698 2046 sequitur
716 1980 840 2032 Davisius.
859 1982 945 2050 Vulgd
965 2000 1012 2050 qua

321 2076 371 2110 noa
387 2073 419 2106 stt
435 2074 520 2105 mmor.
728 2066 731 2073 '

361 2146 413 2192 ²¹7
432 2163 440 2188 ,
466 2129 507 2177 16.
522 2127 557 2178 Er
574 2125 719 2175 imitandum.
739 2125 855 2178 Davisius
874 2143 905 2176 ex
922 2127 1009 2178 codice

322 2203 415 2254 Eliensi
436 2203 502 2251 dedit
524 2202 547 2250 6
564 2200 700 2248 mirandum.

360 2292 429 2332 220,
444 2289 485 2335 15.
497 2275 581 2338 Neque
591 2288 698 2321 naturam
713 2270 839 2339 siguificat.
857 2271 907 2322 Hic
927 2286 1009 2322 natura

322 2349 422 2398 sumitur
442 2362 486 2410 pro
506 2347 529 2391 vi
548 2345 647 2407 quadam
670 2345 722 2393 sine
744 2347 838 2394 tatione
858 2379 866 2399 ‚
886 2363 940 2410 quae
962 2347 1007 2395 ciet

322 2433 402 2471 motus
421 2419 446 2467 in
466 2418 609 2482 corporibus
625 2415 779 2466 necessarios.
797 2419 865 2466 Nihil
882 2419 956 2484 igitur
966 2435 1007 2466 ne·

322 2493 384 2545 eeiie
408 2493 440 2541 eii
459 2491 582 2557 sequentia
601 2507 655 2540 cum
674 2489 791 2539 Lambino
808 2492 843 2540 sic
859 2493 963 2558 legere,
978 2489 1008 2552 cst

323 2567 384 2615 enim
398 2581 480 2632 expers
496 2564 604 2614 rationis.

334 2665 337 2671 ·
362 2654 438 2695 222,
461 2653 487 2698 7.
514 2634 657 2700 Minime‘que
686 2635 806 2700 resipiens.
834 2636 862 2685 Id
889 2636 947 2691 est,
970 2653 1009 2685 re·

322 2714 418 2761 dolens.
447 2711 484 2758 lta
512 2711 572 2758 liber
599 2708 708 2762 Ursini,
739 2723 810 2772 quem
835 2708 887 2770 post
914 2709 1009 2760 Guliel-

323 2786 395 2835 mium
416 2784 439 2832 &
461 2781 626 2830 Casaubonum
645 2779 750 2844 sequitur
777 2780 902 2830 Davisius.
927 2782 1009 2830 Notis·
1033 2790 1039 2803 ’

323 2860 376 2910 simi
395 2856 456 2905 fami
473 2855 532 2902 sales
552 2852 635 2899 Attici.
653 2851 736 2917 Vulgi)
758 2852 837 2901 editur
858 2851 991 2920 respiciens.

360 2944 433 2989 224,
449 2942 489 2976 ιο.
507 2923 539 2977 V.
556 2923 643 2972 diebus.
659 2924 727 2974 Male
738 2925 859 2974 omittitur
869 2927 893 2975 in
909 2928 1011 2994 vulgatis

324 3021 374 3053 vox
392 3000 470 3049 diebus
481 3033 496 3057 „
508 3013 577 3064 quam
596 2996 690 3047 servant
707 2997 788 3063 regius
808 2999 833 3049 &
853 3000 948 3050 Davisii
962 3016 1011 3050 'co-

324 3077 436 3208 diciii„
453 3156 486 3194 ιο
504 3141 561 3193 Tum
579 3143 675 3196 deaut.
693 3142 733 3196 Ira
745 3157 777 3199 ex
792 3141 877 3197 Ursini
888 3146 951 3199 iibsu
966 3146 1015 3201 deu
