2709 4017
396 573 478 656 '510
582 558 665 627 Dr
704 572 886 641 uno,

399 690 485 746 cunt,
497 670 592 752 deque
604 691 664 746 eo,
678 672 758 755 quod
768 676 859 753 possit
871 668 959 746 fieri,
971 690 1022 734 aut
1034 692 1092 734 non

397 755 510 834 possit,
524 772 610 832 quam
622 754 682 814 vim
699 754 845 826 habeant,
864 749 993 812 obscura
1002 775 1093 834 quaes·

400 835 443 894 tio
465 835 505 892 est
520 875 531 906 ‚
549 840 705 912 quam‘nrpi
721 830 827 896 levaldi
850 831 1023 913 philosophi
1039 854 1090 912 ap·

398 913 530 994 pellant:
552 929 671 990 totaque
692 907 732 970 est
753 909 869 985 nequir,
885 933 978 992 quam
1001 915 1090 972 ratio·

400 1011 471 1052 nem
489 989 637 1050 differendi
651 1009 741 1049 voco.
758 987 855 1067 Quod
872 1009 974 1052 autem
991 993 1089 1052 inaliis

400 1073 479 1131 libris
497 1069 579 1143 feci,
598 1071 646 1150 qui
668 1067 731 1128 sunt
754 1068 791 1131 de
815 1086 918 1129 natura
944 1069 1088 1143 deorum,

399 1153 530 1230 itemque
546 1149 576 1208 in
592 1149 636 1208 his
652 1169 726 1229 quos
743 1148 781 1208 de
793 1147 976 1210 divinatione
994 1151 1086 1223 edidi,

400 1245 432 1288 ut
447 1230 477 1288 in
496 1244 646 1309 utramque
664 1245 776 1307 partem
795 1245 939 1309 perpetua
959 1231 1085 1312 explica·

399 1325 480 1369 retur
491 1309 604 1380 oratio,
640 1308 677 1367 ub
690 1307 798 1367 facilibs
809 1306 867 1366 ida
881 1329 1004 1390 quoque
1020 1330 1084 1389 pro-

400 1388 536 1457 baretur,
558 1329 639 1468 quod
662 1390 765 1468 cuique
785 1387 909 1447 maximd
936 1388 1084 1469 probabile

401 1468 569 1537 videretur3
584 1466 615 1525 id
631 1468 660 1526 in
674 1467 728 1525 hac
745 1463 936 1546 disputatione
958 1468 1083 1539 delato,

401 1545 480 1610 casus
519 1544 614 1603 uidam
627 1588 637 1617 ,
650 1565 688 1604 ne
702 1544 851 1620 facerem,
866 1547 1034 1627 impedivit.

411 1640 415 1650 ·
442 1643 471 1683 a.
520 1643 567 1681 am
580 1643 669 1703 quum
681 1622 768 1684 essem
783 1627 812 1684 in
826 1624 1008 1701 Puteolano,
1020 1625 1083 1686 Hir·

401 1701 511 1783 riusque
529 1700 644 1776 noster,
661 1703 760 1763 consul
781 1703 967 1786 designatus,
986 1707 1082 1766 iisdem

401 1783 432 1841 in
449 1784 540 1855 locis,
557 1784 603 1841 vir
618 1783 704 1843 nobis
719 1784 928 1856 amicissimus,
943 1787 976 1846 &
988 1787 1022 1846 iis
1033 1785 1084 1846 stu·

403 1862 480 1938 diis,
494 1863 637 1943 inquibus
651 1883 732 1922 nosa
746 1865 867 1943 pueritia
877 1865 1022 1942 viximus,
1034 1865 1084 1926 de·

403 1943 499 2019 ditus,
516 1941 641 2004 multum
657 1940 716 2002 unit
734 1962 847 2003 eramus
858 1963 871 2016 3
883 1945 1012 2006 maxime
1031 1963 1084 2006 nos

401 2024 522 2106 quidem
541 2026 724 2104 exquirentes
743 2042 778 2082 ea
797 2023 942 2099 consilia,
962 2045 1025 2105 quae
1048 2023 1083 2083 ad

401 2125 505 2185 pacem
516 2147 530 2175 ‚
547 2104 578 2162 ὃ(
590 2103 627 2163 ad
637 2102 824 2163 concordiam
839 2104 948 2166 civium
957 2106 1083 2184 pertine-

401 2196 492 2244 rent:
516 2204 605 2264 quum
628 2181 714 2244 enim
728 2202 832 2243 omnes
851 2182 919 2262 post
941 2185 1083 2244 interitum

401 2262 521 2331 Caesaris
550 2284 694 2322 novarum
742 2263 972 2323 erturbationum
999 2262 1082 2337 cause

422 2344 488 2400 uaeri
514 2340 701 2415 viderentur,
719 2285 817 2423 iisque
840 2340 898 2402 esse
926 2363 1080 2405 occurren·

400 2362 470 2480 dum
489 2437 674 2499 putaremus,
695 2426 789 2482 omnis
807 2420 868 2481 ferd
882 2421 987 2483 'nostra
1004 2425 1031 2481 in
1050 2423 1083 2480 iit

401 2501 656 2561 deliberationibus
675 2501 892 2562 consumebatur
904 2504 1021 2574 orario;
1038 2501 1083 2560 id·

303 2631 305 2633 .
401 2601 458 2662 que
478 2582 510 2643 ὃ(
529 2580 604 2662 saepe
623 2580 711 2656 aliis,
731 2580 909 2662 &quodam
928 2582 1084 2652 liberiore,

402 2663 489 2744 quim
508 2656 643 2732 solebat,
661 2663 693 2721 &
712 2664 800 2742 magis
817 2681 913 2720 vacuo
934 2662 972 2720 ab
995 2663 1084 2720 inter-

401 2744 570 2805 ventoribus
582 2741 650 2815 die,
667 2763 756 2821 quum
771 2741 807 2800 ad
823 2760 870 2800 me
884 2739 933 2800 ille
946 2738 1085 2812 vendier,

423 2826 571 2894 rimi-ea,
587 2842 650 2899 quae
667 2839 748 2881 erant
759 2820 946 2901 quotidiana,
963 2821 1086 2902 &quasi

401 2847 430 2975 le
451 2906 530 2971 itima
544 2901 645 2970 nobis,
658 2899 695 2960 de
710 2921 800 2981 pace,
821 2900 852 2960 ἃ
871 2900 909 2961 de
930 2903 1006 2961 otio.

426 3030 431 3046 .
461 2981 615 3060 LQuibus
625 2977 692 3071 allis
702 3024 712 3053 ,
723 2980 805 3060 Quid
817 2979 906 3060 ergo?
918 2981 1011 3061 inquit
1024 2980 1085 3051 ille,

403 3063 539 3143 qnoniam
561 3074 699 3124 oratorias
721 3061 943 3127 exercitationes
967 3081 1030 3122 non
1052 3077 1086 3125 tu
