2709 4017
414 509 486 606 138
527 511 594 578 Dr
616 525 790 578 aarum
812 525 1015 592 Dnonurn,

407 641 470 683 tum
496 626 541 684 sit.
567 622 675 697 Nam,
704 643 792 706 quum
818 621 894 682 seriis
922 623 1031 683 Latinis
1056 625 1095 685 ad

408 722 475 764 eurn
494 706 503 762 i
526 706 581 762 sius
604 722 705 785 rogatu
727 706 917 783 arcessituque
930 702 1095 780 venissem,

408 727 523 844 ossendl
536 803 603 844 eum
616 784 764 844 sedentem
780 786 810 843 in
826 783 954 855 exedra,
973 784 1006 842 &
1023 803 1095 845 cum

407 860 446 924 C.
460 864 576 924 Velleio
587 863 717 925 senatore
732 863 939 943 disputantem,
952 863 989 922 ad
1001 883 1094 944 quem

404 959 467 1004 tum
490 942 624 1023 Epicurei
643 947 750 1025 primas
777 963 813 1003 ex
836 941 937 1003 nostris
960 943 1102 1024 homini-J

406 1023 460 1082 bus
483 1024 663 1084 deserebant.
692 1024 802 1085 Aderat
823 1024 911 1082 etiam
939 1021 982 1101 Q.
1004 1021 1094 1084 Luci·

407 1103 460 1163 lius
480 1103 606 1177 Balbus,
626 1107 675 1185 qui
695 1119 790 1163 tantos
814 1100 976 1184 progressus
996 1102 1094 1165 habe-

407 1183 458 1243 bat
479 1186 508 1243 in
537 1183 663 1258 Stoicis,
693 1203 724 1243 ut
744 1203 809 1242 cum
833 1183 1040 1244 excellentibus
1060 1186 1092 1245 in

411 1283 448 1324 eo
467 1284 575 1345 genere
598 1262 708 1325 Graecis
731 1281 954 1343 compararetur.
981 1261 1092 1338 Turn,

408 1360 440 1403 ut
470 1364 518 1405 me
547 1341 638 1405 Cotta
658 1343 757 1416 vidit,
779 1341 1021 1422 Peropportune,
1041 1346 1093 1404 in·

407 1424 491 1504 quit,
509 1426 591 1485 venis
607 1445 617 1496 3
639 1428 730 1484 oritur
749 1426 827 1483 enim
844 1424 917 1482 mihi
932 1443 1036 1504 magna
1051 1423 1091 1484 de

407 1523 440 1563 re
468 1504 615 1563 altercatio
647 1523 714 1562 cum
745 1502 895 1577 Vellei03
924 1503 996 1576 cui,
1032 1524 1091 1581 pro

408 1599 460 1642 tuo
481 1581 596 1654 studio,
616 1603 676 1643 non
696 1581 736 1642 est
756 1583 882 1642 alienum
901 1599 930 1642 te
947 1581 1091 1651 interesse.

450 1659 534 1721 Vll.
559 1662 600 1722 At
621 1666 649 1722 ui
668 1662 738 1722 mihi
760 1683 877 1744 quoque
896 1663 1021 1737 videor,
1041 1665 1092 1722 in-

404 1761 513 1822 quam,
529 1683 655 1816 venille,
671 1760 704 1802 ut
722 1742 813 1816 dicis,
829 1744 1012 1823 opportune:
1030 1757 1090 1804 tres

409 1823 486 1881 enim
509 1825 594 1883 trium
619 1823 827 1904 disciplinarum
853 1825 997 1903 'principes
1015 1844 1092 1883 con-

407 1901 532 1963 venistis.
557 1902 601 1963 M.
618 1902 683 1964 Piso
702 1906 724 1962 si
744 1901 873 1976 adesset,
896 1903 999 1962 nullius
1022 1904 1092 1984 phi-

405 1978 563 2064 losophiae,
584 2005 682 2047 earum
703 1985 820 2064 quidem
839 2004 902 2063 quae
921 1985 951 2042 in
973 1984 1092 2046 honore

405 2059 491 2136 sunt,
509 2081 626 2126 vacaret
645 2064 738 2124 locus.
755 2062 835 2122 Tum
852 2059 966 2134 Cotta,
986 2062 1092 2138 Si,in·

407 2145 499 2222 quit,
524 2143 597 2202 liber
621 2141 773 2203 Antiochi
786 2139 897 2208 nostri,
922 2142 970 2219 qui
990 2143 1027 2200 ab
1050 2164 1089 2205 en

404 2240 497 2300 nuper
521 2222 655 2282 adhunc
677 2219 799 2278 Balbum
822 2216 915 2277 missus
934 2217 995 2293 est,
1017 2244 1090 2286 vera

404 2299 550 2378 loquitur3
565 2300 636 2358 nihil
655 2297 715 2370 est,
733 2299 812 2378 quod
832 2296 964 2358 Pisonem
982 2301 1089 2373 ,sami0

403 2377 504 2437 liarem
522 2394 629 2451 tuum,
652 2377 811 2439 desideres.
838 2379 985 2440 Antiocho
1008 2386 1087 2444 enim

404 2455 497 2517 Stoici
516 2477 582 2519 curn
600 2455 795 2540 Peripateticis
812 2479 844 2520 re
867 2463 1020 2521 concinere
1039 2465 1088 2522 vi·

405 2535 528 2612 dentur,
549 2539 647 2600 verbis
672 2537 854 2619 discrepare:
880 2542 992 2620 quode
1012 2541 1086 2603 libro
1130 2571 1132 2574 ⁴

404 2617 494 2677 veliin
509 2616 597 2696 scire,
612 2618 720 2694 Balbe,
742 2619 812 2701 quid
824 2619 935 2680 sentias.
962 2620 1084 2703 Egone?

403 2697 495 2780 inquit
514 2699 580 2761 ille:
601 2699 918 2775 miror,Antiochum,
935 2701 1084 2762 hominem

403 2776 433 2836 in
455 2781 553 2859 primis
570 2798 712 2855 acutum,
734 2801 796 2840 non
811 2778 932 2855 vidisse,
953 2780 1084 2844 interesse

404 2857 560 2944 plurimum
584 2861 658 2920 inter
685 2859 827 2934 Stoicos,
860 2862 910 2942 qui
931 2860 1084 2924 honestae

404 2939 567 3001 commodis
585 2959 646 3002 non
665 2943 805 3014 nomine,
824 2938 874 3000 sed
894 2960 1000 3023 genere
1015 2959 1081 3004 toto

352 3090 355 3094 ,
404 3017 624 3106 disjungerent,
643 3019 676 3085 ἃ
696 3019 901 3105 Peripateticos
921 3066 930 3098 ,
956 3023 1005 3107 qui
1025 3021 1084 3085 ho-
