2709 4017
439 501 596 569 Lrnan
624 519 902 573 sacnnnns.
945 524 1024 599 207

337 611 491 673 hebetiora
507 631 538 672 ut
555 616 611 675 sint
632 616 782 676 hominum
800 617 914 701 ingenia
931 640 1025 699 prop·

337 709 386 752 ter
408 694 473 753 coeli
497 694 658 773 pleniorem
684 714 814 756 naturam
829 741 848 770 ‚,
865 699 922 757 hoc
942 701 1023 759 idem

337 775 441 911 peneri
461 774 586 835 humano
609 779 760 851 evenerit,
778 777 859 857 quhd
874 781 903 837 in
925 795 1000 838 terra
1011 822 1025 851 ,

359 874 395 911 oc
419 851 460 913 est
480 899 489 928 ,
519 856 549 912 in
572 857 746 916 crassissima
765 860 882 940 regione
898 858 1024 932 mundi,

336 932 474 995 collocati
493 934 557 994 sint.

382 1012 428 1074 18.
449 1013 487 1073 Et
498 1032 596 1076 tamen
610 1036 646 1077 ex
658 1015 717 1097 ipsa
734 1017 885 1086 hominurn
906 1015 1022 1078 solertia

336 1089 394 1154 elle
414 1094 538 1174 aliquam
567 1115 723 1170 mentem,
751 1097 783 1156 &
812 1119 876 1158 earn
901 1098 1021 1176 quidem

337 1174 479 1233 acriorem
498 1175 668 1234 &divinam
678 1221 689 1250 ,
701 1176 859 1238 existimare
870 1177 1025 1238 debemus.

336 1246 432 1313 Unde
453 1256 530 1312 enim
551 1255 625 1314 hanc
642 1256 866 1338 homoarripuit
883 1257 901 1316 l·
924 1275 956 1317 ut
981 1260 1021 1316 ait

334 1332 416 1412 apud
447 1333 681 1413 Xenophontem
707 1334 852 1398 Socrates.
915 1338 972 1394 uin·
986 1337 1020 1396 δι

334 1412 510 1486 humorem,
536 1414 568 1472 &
596 1415 745 1488 calorem,
773 1419 820 1496 qui
839 1414 885 1475 etl·
926 1415 969 1473 sus
989 1418 1023 1474 in

334 1513 483 1572 corpore,
506 1494 538 1552 &
554 1512 700 1555 terrenam
716 1494 803 1575 ipsam
818 1495 958 1554 viscerum
974 1493 1023 1554 so·

333 1572 475 1634 liditatem
488 1617 502 1644 ,
518 1576 644 1634 animum
661 1576 786 1656 denique
804 1576 885 1634 illum
901 1573 1021 1654 spirabi-

287 1666 288 1670 ’
334 1653 396 1714 lem
416 1656 438 1712 si
451 1656 511 1733 quis
526 1673 631 1733 quaerat
646 1654 723 1715 unde
747 1654 907 1728 habemus;
927 1676 1020 1734 appa·

332 1752 398 1806 ret,
418 1735 495 1813 quod
512 1735 588 1793 aliud
606 1756 622 1793 a
642 1754 716 1794 terra
731 1735 921 1814 sumpsimus,
940 1734 1018 1794 aliud

333 1813 376 1875 ab·
393 1814 536 1885 hutnore,
554 1815 630 1872 aliud
647 1817 683 1872 ab
698 1817 786 1895 igne,
804 1816 879 1874 aliud
900 1815 937 1873 ab
951 1819 1019 1874 aere

333 1912 395 1966 80,
436 1893 610 1972 uemspiritu
626 1895 767 1953 ducimus.

377 1915 452 2032 Vll.
466 1971 541 2031 lllud
558 1991 655 2032 autem
667 2016 675 2043 ‚
687 1974 767 2051 quod
782 1971 871 2030 vincit
884 1971 945 2030 haec
955 1991 1023 2029 om·

333 2052 383 2113 nia
394 2096 403 2125 ,
416 2055 557 2112 rationem
569 2053 635 2112 dico
647 2097 656 2124 ,
669 2052 720 2125 δι,
731 2055 753 2111 si
765 2053 879 2132 placet,
891 2052 1022 2130 pluribus

330 2132 451 2204 verbis,
473 2151 632 2205 mentem,
658 2134 836 2203 consilium,
864 2131 1021 2253 cogitatio-

331 2233 424 2285 nem,
440 2213 650 2292 prudentiam,
669 2212 716 2271 ubi
736 2213 916 2274 invenimus.
938 2211 1021 2272 unde

331 2290 491 2353 sustulimus
502 2293 515 2352 ἓ.
528 2315 563 2352 an
576 2311 670 2353 cetera
682 2292 805 2353 mundus
818 2292 935 2351 habebit
949 2312 1017 2353 om·

332 2376 399 2446 nia,
421 2374 480 2434 hoc
502 2392 609 2445 unum,
631 2374 711 2453 quod
733 2375 853 2453 pluri-mi.
867 2369 907 2432 est
923 2394 1019 2445 ,non

331 2452 475 2514 habebitl
492 2457 569 2533 atqui
592 2453 671 2512 certe
688 2454 762 2513 nihil·
777 2453 1020 2513 omniumrarunr

331 2534 435 2593 melius
446 2533 487 2593 est
495 2533 631 2605 mundo,
646 2533 715 2592 nihil
724 2531 911 2612 praessabilius
919 2531 1019 2604 ,nihil

331 2613 478 2693 pulchrius
495 2634 511 2686 3,
528 2632 583 2673 nec
600 2613 692 2672 sollum
720 2613 789 2672 nihil
816 2609 857 2673 est
874 2655 887 2684 ,
909 2610 964 2672 sed.
976 2631 1019 2670 na

332 2695 454 2773 cogitari
477 2693 595 2773 quidem
655 2692 770 2772 idquam
792 2691 897 2752 melius
910 2689 1019 2771 potest.

333 2769 373 2831 Et
385 2816 394 2845 ,
407 2774 430 2830 si
438 2777 554 2833 tatione
569 2773 603 2832 δι
628 2773 829 2852 apiemih-nihil
845 2769 886 2845 est
895 2771 997 2830 melius
1006 2811 1019 2838 ,

333 2849 446 2911 necesse
466 2852 505 2912 all
520 2853 581 2912 lraec
597 2850 686 2913 inelle
704 2854 734 2913 in
749 2873 786 2915 eo
804 2897 816 2924 ,
840 2850 924 2932 quorl
936 2847 1017 2926 opti·

332 2951 415 2992 anum
428 2929 484 2991 effe
494 2932 694 2999 roncedirnus.

378 3029 425 3091 19..
445 3010 527 3091 Quid
548 3014 623 3076 nen
640 3012 656 3073 ἓ.
677 3029 759 3075 tanta
774 3029 873 3071 rerum
893 3001 1017 3066 masau-
