2709 4017
444 458 798 534 Lucanum·
900 465 955 542 'ad

272 574 335 644 die
350 575 486 638 volumus
497 577 600 659 ὒρμὲι)
617 578 675 659 quai
690 580 727 638 ad
743 574 887 658 agendum
899 579 956 654 5¹¹²?

278 659 435 737 pellimur,
463 657 540 716 &id
561 660 722 738 appetimus
744 659 824 739 quod
846 653 886 716 est
906 660 956 717 vi·

277 735 364 811 sum,
392 739 505 798 moveri
524 759 585 796 non
610 737 715 818 potest.
738 736 812 797 Illud
837 751 932 796 autem
947 747 968 811 ‚'

277 818 358 896 quod
376 833 499 888 movet,
513 819 592 896 prius
607 835 726 898 oportet
740 817 853 889 videti,
869 818 956 897 eique

277 898 356 956 credi
369 917 378 970 ;
391 898 472 979 quod
484 895 546 964 fieri
563 917 622 957 non
631 896 748 978 potest,
766 898 789 955 si
804 897 856 970 id,
894 894 956 965 uod

276 975 367 1037 visum
392 981 468 1051 erit,
487 975 608 1037 discerni
631 998 691 1038 non
712 978 820 1058 poterit
836 998 853 1034 a
872 917 956 1046 palso,

276 1057 444 1136 Quomodo
457 1074 553 1116 autem
568 1060 681 1118 moveri
695 1060 805 1117 animus
818 1055 855 1115 ad
869 1066 959 1136 appe·
1007 1113 1014 1123 ,

275 1137 398 1196 tendum
412 1135 526 1218 potest,
542 1139 566 1195 si
581 1137 634 1211 id,
649 1137 730 1218 quod
745 1136 880 1208 videtur,
896 1155 959 1197 non

277 1219 459 1296 percipitur,
476 1217 765 1280 accommodatumne
780 1231 887 1275 naturae
905 1218 959 1288 sit,

280 1316 320 1353 an
348 1294 497 1363 alienum?
525 1292 683 1372 Itemque,
716 1297 764 1366 si,
784 1294 853 1374 quid
876 1291 963 1352 officii

280 1373 321 1432 sui
341 1376 402 1445 sit,
428 1394 487 1432 non
513 1375 642 1439 occurrit>
661 1375 782 1445 animo,
806 1371 874 1431 nihii
891 1392 961 1431 utn-

279 1473 368 1534 quam
391 1456 512 1512 omnino
529 1470 615 1537 aget,
636 1453 672 1511 ad
691 1452 797 1531 nuliam
816 1471 877 1512 rem
892 1462 972 1510 ·um·'
1008 1470 1012 1475 ’

279 1553 366 1690 Quam
388 1533 572 1615 impedietur,
597 1553 753 1612 numquam
780 1531 961 1602 movebitur,¹

316 1613 375 1672 uod
400 1616 423 1672 si
449 1612 555 1694 aliquid
578 1613 731 1692 aliquando
756 1611 867 1672 adiutus
887 1609 928 1671 est
947 1621 971 1687 ς’

278 1691 393 1752 necesse
414 1691 456 1753 est
472 1694 503 1752 id
524 1694 551 1752 ei
567 1711 693 1764 verum,
709 1692 790 1773 quod
807 1693 930 1752 occurrit
949 1698 972 1769 ,ζ

277 1771 383 1834 videri.
897 1787 898 1790 ’
949 1772 952 1777 ’

322 1851 372 1910 26.
392 1848 497 1926 Quid,
566 1849 632 1920 od,
657 1850 683 1906 -si
706 1848 757 1907 ista
776 1869 847 1908 vera
868 1849 962 1922 sunt,'

279 1933 356 1990 ratio
380 1930 475 1987 omnis
492 1928 535 1986 toi
547 1931 623 2000 itur,
644 1929 725 2008 quasi
742 1929 873 2008 quaedam
891 1927 965 2001 lux,

279 2009 440 2089 lumenque
463 2007 556 2067 vitae?
575 2025 711 2066 tamenne
737 2009 768 2067 -in
792 2006 840 2067 ista
861 2008 962 2087 pravi-

279 2107 341 2150 tate
361 2086 545 2170 perstabitis?
571 2086 647 2146 Nam
676 2088 822 2168 quaerendi
840 2089 960 2164 ¹initium

280 2173 354 2231 ratio
367 2169 476 2241 attulit,
489 2187 554 2248 quae
566 2166 689 2247 perfecit
700 2162 855 2242 uirtutem,
870 2187 960 2247 quum

281 2249 351 2312 eiset
379 2248 438 2328 ipsa
467 2251 540 2307 ratio
570 2245 738 2306 confirmata
767 2247 922 2328 quaerendo
945 2261 968 2321 a

282 2328 399 2412 questio
421 2345 519 2387 autem
541 2324 581 2386 est
601 2328 743 2406 appetitio
763 2349 798 2386 co
819 2328 961 2402 nitionis3

281 2407 498 2491 quaestionisque
522 2404 607 2480 finis,
635 2408 777 2466 inventio.
831 2422 843 2465 t
869 2404 960 2465 nemo

282 2492 394 2552 invenit
412 2486 503 2559 falsa-3
521 2506 576 2545 nec
601 2505 659 2557 ea,
704 2507 748 2544 uae
765 2487 872 2544 incerta
890 2505 962 2565 per«.-

242 2589 246 2595 ·
281 2588 421 2639 manent,
436 2569 553 2625 inventa
568 2563 623 2624 effe
640 2507 854 2642 podunttased,
870 2584 961 2645 quum

283 2671 338 2723 οε,
359 2668 424 2728 quase
450 2646 530 2725 quasi
554 2643 687 2713 involuta
702 2643 839 2717 fuerunt,
861 2659 962 2724 aperta

281 2731 369 2800 sunt,
391 2745 454 2786 tum
480 2726 597 2784 inventa
622 2723 763 2782 dicuntur.
790 2723 837 2783 Sic
857 2725 889 2782 &
906 2724 963 2780 ini·

281 2811 355 2870 tium
374 2803 543 2886 quaerendi,
562 2802 594 2862 &
608 2798 716 2872 etitum
734 2800 964 2884 percipiendi&

282 2882 552 2967 comprehendendi
569 2899 660 2947 tenet,
682 2881 783 2962 Itaque
803 2875 965 2960 argumenti

281 2967 431 3045 ponclusio
451 3005 464 3040 ,
483 2982 547 3048 quae
566 2960 610 3022 est
629 2960 733 3031 Graece
758 2960 904 3034 astina„
925 2955 974 3031 itfl'.
