2709 4017
407 430 485 511 504
537 411 606 482 Da
643 410 1003 495 murmuramus

417 540 437 584 .'
449 535 516 605 143'.
535 525 652 588 Dicitur
667 527 803 607 quidum,
825 541 920 608 quum
939 528 971 586 in
991 520 1101 589 somnis
1125 516 1128 523 ¹

405 610 561 688 complexu
582 627 714 668 venereo
741 605 943 688 jungeretur,
969 609 1097 668 calculus

406 687 530 767 ejecisse.
559 687 660 748 Video
683 687 908 768 sympathiam
932 686 1031 748 visum
1062 686 1097 749 est
1127 694 1131 701 '

407 773 484 830 onim
495 771 553 829 tale
564 767 712 847 objectum
723 768 881 828 dormienti
890 813 901 842 ‚
911 785 945 827 ut
955 768 1008 841 id,
1021 767 1096 849 quod
1130 742 1135 803 l

407 853 506 910 evenit
515 895 525 921 ‚
534 867 641 909 naturae
651 850 713 920 vis,
724 869 784 907 non
798 851 899 928 opinio
913 851 1025 909 erroris
1035 847 1097 910 effe·

407 934 488 990 oeric.
509 930 584 1008 Quae
600 932 685 1010 igitur
702 944 801 987 natura
815 929 925 990 obtulit
942 929 1023 988 illam
1039 929 1096 1010 spe·

409 1012 485 1071 oiem
503 1009 667 1083 Simonidi,
679 1030 695 1067 a
706 1029 760 1090 qua
770 1025 919 1070 vetaretur
935 1008 1094 1090 navigare?

408 1110 457 1149 aut
466 1090 535 1169 quid
551 1108 659 1148 naturae
674 1089 841 1169 copulatum
851 1089 957 1148 habuit
971 1089 1095 1149 Alcibia-

409 1169 472 1241 dis,
488 1170 570 1249 quod
585 1169 730 1242 scribitur,
745 1168 908 1242 somnium,
925 1171 997 1251 qui,
1012 1170 1094 1250 paulo

410 1269 476 1313 anre
493 1253 659 1322 interitum,
675 1249 750 1309 visus
766 1249 806 1310 est
825 1252 854 1308 in
874 1249 985 1310 somnis
999 1253 1094 1310 antioc

410 1330 467 1392 esse
479 1331 595 1390 amisius
608 1331 743 1390 amiculo.
759 1328 787 1388 Is
801 1350 891 1410 quum
903 1328 976 1391 esser
986 1335 1094 1410 projec·

409 1413 455 1472 ¹tus
469 1413 649 1482 inhumatus,
664 1411 700 1469 ab
714 1410 903 1491 omnibusque
918 1410 1048 1471 desertus
1055 1409 1093 1489 ja·

411 1512 509 1564 ceret3
530 1495 621 1550 amica
639 1512 744 1569 corpus
762 1488 825 1568 ejus
844 1494 917 1551 texit
933 1491 987 1551 suo
1003 1491 1093 1572 pallio.

411 1570 490 1650 Ergo
509 1572 566 1629 hoc
575 1574 667 1631 inerat
685 1574 712 1628 in
725 1573 810 1630 rebus
820 1570 937 1641 suturis,
949 1573 983 1631 ὃ(
1003 1570 1092 1632 causas

410 1651 553 1711 naturales
565 1650 710 1711 habebat?
723 1673 779 1720 an,
794 1653 827 1711 &
838 1670 869 1712 ut
881 1650 1051 1727 videretur,
1063 1651 1093 1712 δι

411 1749 443 1792 ut
458 1734 590 1792 eveniret
599 1777 609 1801 ,
618 1736 696 1790 casus
707 1728 825 1792 effecit?

337 1860 339 1864 .
454 1812 546 1873 LXX.
565 1810 666 1890 Quid?
682 1810 807 1890 ipsorum
823 1814 1019 1893 interpretum
1029 1833 1094 1873 eon·

411 1889 527 1973 jedlurae
547 1937 555 1965 ,
578 1911 676 1952 nonne
700 1895 790 1972 magis
813 1895 841 1951 in
862 1898 928 1953 enia
952 1895 1094 1954 declarant

412 1993 536 2046 eorum,
552 1973 637 2051 quim
651 1974 710 2031 vim
726 1912 954 2057 consenstmque
965 1972 1094 2034 naturai

412 2051 519 2112 Cursor
531 2054 568 2112 ad
577 2053 721 2133 Olympia
732 2051 871 2133 proficisci
884 2057 1032 2137 cogitans,
1049 2056 1095 2112 vi-

412 2133 455 2192 sus
472 2132 512 2192 est
531 2137 559 2193 in
571 2132 677 2193 somnis
693 2155 774 2192 curru
791 2134 995 2216 quadrigarum
1009 2135 1094 2194 vehi:

411 2214 496 2272 mani
513 2214 548 2270 ad
558 2212 766 2289 conjediorem.
783 2215 823 2273 At
833 2215 901 2285 ille,
916 2215 1095 2290 Vinces,in·

411 2294 471 2371 quir
488 2291 541 2349 :id
562 2296 639 2350 enim
662 2293 794 2353 celeritas
811 2293 952 2376 significat
972 2331 983 2369 ·‚
1006 2296 1037 2356 ὃ(
1049 2297 1092 2354 vis

412 2392 565 2452 equorum.
585 2370 651 2431 Post
668 2373 745 2433 idern
763 2374 800 2432 ad
815 2377 1043 2454 Antiphontem.
1066 2372 1092 2434 ls

410 2470 528 2525 autem,
549 2452 676 2514 Vincare
691 2499 701 2526 ‚
719 2455 811 2534 inquit
819 2499 831 2526 ,
852 2453 968 2517 necesse
987 2454 1043 2516 est:
1059 2475 1093 2514 an

344 2608 345 2612 Ἰ
411 2554 472 2592 non
494 2535 627 2615 intelligis
666 2551 768 2593 uatuor
785 2553 850 2594 ante
870 2553 900 2594 te
924 2533 1098 2595 cucurrisses.

411 2611 488 2673 Ecce
507 2615 576 2674 alius
598 2557 694 2674 cursor
713 2613 824 2695 (atque
840 2615 948 2675 horum
969 2615 1095 2676 somnio·

411 2715 494 2768 tunt,
508 2696 537 2754 ὃ(
556 2694 653 2753 talium
666 2696 767 2774 plenus
779 2695 819 2755 est
829 2693 993 2776 Chrysippi
1004 2697 1099 2769 liber3·

410 2775 512 2854 plenus
525 2775 684 2852 Antipatri:
701 2774 749 2832 sed
760 2775 797 2833 ad
812 2774 959 2836 cursorem
978 2775 1091 2856 redeo)

381 2872 399 2901 ··
410 2855 448 2917 ad
465 2858 652 2933 interpretem
666 2853 786 2928 detulit,
798 2856 923 2937 aquilam
940 2855 969 2918 se
979 2859 1010 2916 in
1022 2857 1094 2917 som·

409 2936 454 2994 nis
471 2933 561 2998 visum
576 2930 632 2994 effe
647 2932 764 2998 facium.
781 2934 824 2998 At
837 2935 905 3013 ille,
916 2934 1036 3001 vicisti:
1046 2936 1094 2996 issa

547 3066 549 3072 .
789 3053 803 3061 ,ι
827 3050 830 3061 ·
1016 3035 1093 3097 emm
