2709 4017
391 484 467 576 298
510 486 572 560 Dr
593 499 765 554 turm
790 501 997 575 Dnonvrr,

388 597 590 683 proficientem
614 601 710 681 angi,
738 619 792 661 nec
818 599 929 663 habere
954 620 994 663 ne
1019 598 1080 682 spei

412 681 508 741 uidem
535 698 724 753 extremum,
748 682 897 742 &tamen
918 700 1082 751 commune

387 703 537 831 iirlatium3
559 760 715 842 praesertim
730 783 817 842 quum
836 783 893 822 vos
909 763 1000 823 iidem
1017 763 1078 824 fato

388 840 452 903 fieri
470 843 567 901 dicatis
594 845 692 903 omnia
707 863 717 915 ;
746 844 825 924 quod
844 861 945 903 aurem
963 841 1092 925 semper,

339 988 343 994 ,
388 943 425 984 ex
441 926 523 983 omni
541 926 701 983 aeternitate
722 944 824 984 verum
840 922 949 997 fuerit,
969 925 1000 984 id
1023 921 1079 991 effe

387 1002 489 1063 fatum.
512 1003 594 1082 Quid
610 1005 695 1086 igitur
720 1001 820 1078 juvat,
842 1014 891 1065 au't
908 1005 980 1084 quid
997 1004 1081 1069 affert

388 1085 427 1144 ad
455 1084 618 1144 cavendum
641 1130 650 1160 ‚
682 1084 751 1145 scire
779 1084 886 1166 aliquid
917 1084 1080 1161 futurum,

389 1186 480 1247 quum
499 1165 527 1223 id
549 1166 626 1226 certe
648 1163 772 1229 futurum
793 1165 849 1226 sit?
878 1164 1079 1249 Undep'orrb

388 1244 438 1306 ista
453 1245 614 1307 divinatio?
637 1247 700 1326 quis
716 1248 826 1306 invenit
838 1244 930 1311 fissum
949 1243 1081 1324 jecoris}

388 1331 452 1408 quis
471 1328 594 1388 cornicis
609 1347 724 1386 camum
736 1325 871 1393 notavit?
890 1325 1079 1407 quissortesi

389 1409 493 1490 quibus
513 1428 571 1490 ego
590 1408 702 1480 cred03
723 1406 905 1487 nec.poffum
921 1407 998 1469 Arrii
1016 1407 1080 1473 Na·

386 1492 447 1562 vii,
467 1510 553 1570 quem
580 1489 860 1560 commemorabas,
880 1487 985 1548 lituum
1003 1502 1081 1551 conr

388 1587 532 1630 temnere.
558 1569 619 1631 Sed
640 1570 695 1650 'qui
715 1568 766 1630 ista
786 1566 931 1630 intelleiie
951 1571 1032 1645 sint,
1061 1590 1079 1633 ι

385 1649 566 1730 philosophis
604 1649 703 1711 debeo
745 1649 884 1722 discere,
912 1648 1081 1730 praesertim

323 1795 325 1798 ⁸
386 1731 624 1824 quamplurimis
647 1731 686 1792 de
703 1730 789 1792 rebus
810 1731 899 1792 divini
919 1728 965 1791 isti
989 1726 1079 1795 men·

384 1827 501 1871 namur.
954 1848 957 1852 ·
1065 1870 1068 1875 .

434 1913 445 1952 1
474 1939 479 1952 .
501 1892 544 1952 At
558 1892 665 1953 medici
682 1914 720 1974 qu
762 1904 801 1954 ire
819 1884 883 1975 (ira
896 1891 976 1953 enim
994 1889 1079 1955 dice·

385 1972 438 2034 bas
452 1912 466 2056 ζ
485 1972 560 2057 saepe
577 1913 821 2053 falluntur.03uid
836 1971 930 2033 simile
951 1972 1079 2037 medicin-

350 2060 353 2065 “
388 2076 425 2114 na
439 2101 450 2126 ,
472 2053 552 2134 cujus
568 2077 625 2138 ego
639 2057 782 2116 rationem
796 2053 906 2127 video,
919 2053 952 2113 ὃ(
963 2051 1077 2115 divim·

388 2136 454 2195 rio?
478 2159 541 2216 quae
564 2138 641 2197 unde
663 2138 770 2197 oriatur
783 2154 844 2195 non
861 2134 1007 2216 intelligo.
1027 2132 1079 2197 Tu

387 2235 485 2275 autem
506 2221 593 2277 eriam
608 2217 771 2278 Deciorum
791 2215 1002 2277 devotionibus
1015 2215 1078 2296 pit·

382 2296 466 2370 ,catos
491 2297 564 2356 deos
589 2296 648 2358 effe
670 2297 777 2358 censes.
794 2295 874 2375 Quae
897 2294 952 2356 fuit
971 2316 1079 2359 eorum

385 2391 464 2433 tanta
478 2375 517 2433 ini
538 2380 630 2451 uitas,
644 2394 675 2436 ut
690 2378 795 2458 placari
807 2377 919 2458 populo
935 2375 1077 2438 Romano

386 2476 446 2515 non
466 2397 601 2535 perient,
627 2460 682 2518 nisi
707 2460 760 2517 viri
779 2459 851 2518 tales
875 2455 1046 2519 occi-dissent
1062 2457 1078 2519 ἒ·

385 2537 628 2600 consiliumillud
648 2541 868 2621 imperatorium
888 2536 964 2612 fuit,
993 2537 1077 2619 quod

386 2615 483 2677 Graeci
511 2626 670 2699 ςριτιίγημα
700 2619 865 2701 appellant,
896 2617 947 2678 sed
970 2638 1077 2680 eorum

386 2699 621 2779 imperatorum,
652 2703 702 2780 qui
736 2703 833 2781 patriae
864 2697 1074 2774 consulerent,

386 2783 453 2842 vitae
470 2803 530 2840 non
553 2798 720 2860 parcerent:
737 2782 875 2841 rebantur
892 2781 978 2839 enim.
988 2779 1078 2854 fore,

386 2879 418 2922 ut
439 2864 579 2921 exercitus
595 2863 803 2940 imperatorem
820 2907 834 2937 ,
852 2880 932 2941 equo
952 2861 1078 2921 incitato

383 2942 413 3003 se
431 2945 461 3001 in
477 2939 572 3011 hostes
585 2942 792 3002 immittentem
805 2987 816 3016 ‚
831 2940 1078 3023 persequeretur;

384 3023 415 3083 id
431 3024 513 3105 quod
530 3022 640 3088 evenit.
659 3022 740 3086 Nam
754 3022 844 3086 Fauni
859 3043 972 3088 vocem
990 3023 1075 3107 equi·
