2709 4017
322 496 397 592 316
431 493 497 564 Ds
521 506 692 562 urruns
710 493 931 591 husonum,

318 611 453 668 rabanrur
479 630 495 668 a
522 625 551 667 te
569 651 579 679 ,
602 604 736 678 Honos,
761 602 872 681 Fides,
890 605 1004 681 Mens,

319 688 503 748 Concordia:
524 707 594 768 ergo
617 688 705 745 etiam
726 683 827 764 Spes,
847 686 1006 757 Moneta,

318 771 496 848 omniaque,
517 787 580 847 quae
594 785 631 825 co
653 766 773 825 iratione
791 766 941 829 nobismet
953 768 1006 846 ipsi

319 786 757 986 ppssumusilpindperquuodstsi
771 848 1005 986 perisimige-npn

320 946 444 999 e;ne
488 947 506 985 u
548 943 705 1007 qureme
740 968 751 998 ,
791 946 935 986 aecune
977 947 1008 985 u·

319 1025 432 1066 xerunt.

363 1085 460 1145 XIX.
487 1082 570 1163 Quid
595 1101 693 1144 autem
714 1082 783 1143 dicis
799 1080 815 1141 i.
833 1084 858 1142 si
884 1083 924 1143 dii
946 1083 1007 1145 sunt

323 1166 384 1238 illi,
404 1186 478 1245 quos
494 1164 659 1223 colimus&
677 1165 852 1243 accipimus,
871 1184 923 1223 cur
946 1185 1006 1224 non

321 1247 430 1307 eodem
450 1247 479 1303 in
498 1264 606 1326 genere
620 1243 752 1322 Serapim
768 1282 780 1315 ,-
797 1239 929 1323 Isimque
950 1265 1008 1303 uu-

321 1336 489 1387 meremus?
507 1325 587 1405 quod
604 1327 627 1383 si
643 1324 782 1395 iacimus,
798 1341 850 1380 cur
867 1324 1008 1384 barbaro·

323 1427 387 1466 rum
409 1407 481 1467 deos
496 1402 702 1486 repudiemus?
723 1400 824 1461 Boves
842 1403 956 1484 igitur,
975 1404 1008 1463 δι

323 1487 708 1642 rs⁰⁰⁵r255⁵n²srts⁶s
723 1480 1010 1623 sununs

322 1587 411 1703 tere’ap
418 1607 547 1715 belirias,
564 1607 732 1701 in’deoruin
748 1604 903 1702 nunierum
919 1584 1009 1723 τερο-

322 1742 449 1784 nemus:
473 1741 537 1803 quae
566 1725 589 1781 si
603 1720 792 1800 rejiciamus,
815 1720 863 1780 illa
888 1741 1008 1805 quoque

324 1804 402 1864 unde
415 1803 474 1863 haec
488 1819 555 1861 nata
571 1801 652 1874 sunt,
670 1799 844 1862 re'iciemus.

365 1883 416 1958 48.
440 1882 522 1961 Quid
544 1880 671 1943 deinde?
694 1822 778 1952 sno,
800 1878 855 1940 des
873 1880 1006 1955 dicetur,

347 1986 390 2026 uae
409 1963 573 2024 Leucothea
591 1985 608 2022 a
623 1961 779 2033 Gratim
793 1961 881 2020 nobis
894 1961 1007 2022 Matuta

325 1986 448 2117 dicitur,
469 2065 557 2182 quum
574 2047 609 2103 sit
626 2041 732 2102 Cadmi
750 2038 829 2099 filia?
846 2039 936 2102 Circe
954 2062 1008 2101 au·

322 2144 386 2263 iim
398 2124 473 2262 :552
494 2117 1009 2283 ἲὶἳῗὲἓᾈῗῖἳῗῖἑέξῶἓῗέἓξὲ

323 2303 385 2344 non
401 2247 603 2340 habebuntur?
660 2299 794 2361 amquam
810 2278 920 2341 Circen
937 2302 1011 2363 quo·

323 2381 381 2442 que
393 2360 491 2420 coloni
509 2359 595 2420 nostri
612 2303 790 2421 dicerenses
801 2363 939 2442 religiose
955 2383 1010 2422 co·

324 2441 397 2503 lunt.
421 2439 499 2521 Ergo
518 2441 590 2500 hanc
613 2441 699 2501 deam
723 2441 802 2498 dicis.
828 2440 915 2519 Quid
938 2441 1007 2502 Me·

325 2521 388 2582 deae
405 2520 615 2602 respondebis?
635 2543 699 2602 quae
715 2520 827 2580 duobus
841 2523 927 2592 avis,
940 2520 1008 2583 Sole

265 2632 267 2637 ·
325 2603 360 2663 &
386 2602 542 2676 Oceano,
567 2603 653 2662 AEetd
676 2617 787 2681 patre,
809 2618 903 2662 matre
928 2599 1011 2683 ldyis

324 2701 475 2765 procreata
494 2681 544 2743 est.
563 2683 647 2760 Quid
663 2677 745 2758 hujus
763 2678 895 2759 Absyrto
911 2679 1010 2755 fratri,

325 2766 375 2844 qui
392 2761 432 2824 est
449 2762 526 2841 apud
543 2760 699 2820 Pacuvium
716 2760 888 2840 AEgialeus?
909 2759 960 2822 sed
977 2762 1012 2821 il·

325 2845 377 2903 lud
395 2860 504 2902 nomen
521 2858 654 2901 veterum
668 2840 768 2899 litteris
781 2842 928 2901 usitatius.
952 2841 1013 2922 Qui

325 2927 348 2983 si
362 2924 400 2982 dii
411 2943 470 2981 non
483 2919 544 2979 sunt
556 2965 566 2991 ,
580 2910 685 2980 vereor
702 2918 771 2999 quid
783 2937 852 2999 agat
867 2919 924 2982 Ino
934 2923 1014 2987 :baec

323 3006 403 3063 enirn
418 3002 519 3064 omnia
537 3020 576 3061 ex
599 2997 979 3065 eodemfontefluxeruut.
