2709 4017
378 401 451 465 φρ
507 383 935 463 Acrurnrrcorrirrr

372 513 434 563 rem
451 499 581 559 omnium
599 501 745 563 bonorum
767 505 796 564 in
822 525 947 587 corpore
967 504 1024 569 esse
1040 517 1080 573 ε’ην

372 577 445 639 hanc
458 599 609 654 normam,
623 583 697 642 hanc
714 581 862 664 regulam,
887 587 960 645 hauc
978 608 1055 666 prae·

368 650 554 738 scriptionem
573 659 629 721 effe
649 678 776 737 uaturae3
794 683 879 744 aqua
894 667 943 745 qui
962 669 1054 734 aber-,-

371 736 505 813 ravisser,
523 760 593 799 eum
610 763 788 823 numquam,
803 745 872 825 quid
886 747 916 804 in
933 748 994 806 vira
1010 747 1056 814 se?

371 836 530 901 queretur,
549 821 722 882 habiturum.
812 842 816 847 ·

393 938 398 946 ·
416 917 483 972 141.
502 897 581 958 Nihil
600 903 684 981 igitur
700 921 749 962 me
770 904 875 983 putatis
895 947 906 974 ,
936 902 998 963 haec
1018 904 1072 966 &v

371 977 427 1039 abia
452 981 670 1040 innumerabilia
692 1002 782 1063 quum
809 983 954 1057 audiam,
982 1004 1058 1050 moae

371 1058 458 1123 veti?
478 1076 540 1119 tam
558 1081 705 1134 moveor,
724 1061 811 1141 quim
832 1080 885 1136 ru,
908 1061 1056 1138 Luculle3

373 1159 469 1220 neque
488 1161 537 1202 me
563 1143 658 1213 miuus
672 1141 835 1202 bominem
855 1187 866 1217 ‚
890 1142 976 1224 quim
992 1160 1023 1204 re
1044 1158 1080 1219 ,-

373 1223 531 1302 putaveris.
559 1215 690 1281 Tantum
718 1220 834 1282 interest
856 1267 867 1294 ,
890 1222 969 1302 qubd
995 1240 1057 1298 tu,

375 1321 465 1381 quum
485 1321 516 1362 es
535 1319 721 1374 commotus,
745 1302 918 1382 acquiescis,
939 1300 1080 1373 assem-2,

375 1383 438 1454 ris,
463 1381 606 1461 approbas
623 1402 635 1454 ς
663 1401 766 1441 verum
791 1383 860 1441 illud
880 1425 893 1452 ,
913 1401 1025 1441 certum
1046 1427 1058 1457 ,

374 1459 636 1539 comprehensum,
653 1477 849 1540 perceptum,
867 1477 984 1535 ratum,
1004 1460 1058 1522 fir·-
1073 1486 1077 1515 :

376 1559 481 1610 mum,
496 1538 586 1600 fixum
602 1541 667 1612 vis,
686 1540 780 1620 deque
796 1561 833 1602 eo
851 1541 1059 1603 nullitatioue
1075 1565 1080 1571 ·

375 1637 473 1700 neque
494 1619 584 1699 pelli.
605 1639 643 1684 ue
664 1640 702 1680 ue
727 1623 841 1682 moveri
866 1639 970 1700 potes:
998 1641 1079 1703 ego,-
1104 1645 1112 1650 ·

375 1699 447 1765 nibil
466 1695 607 1777 ejusmodi
625 1640 681 1762 ese
700 1701 846 1773 arbitror,
865 1703 909 1759 cui
926 1703 949 1759 si
965 1698 1076 1762 assera..

371 1777 421 1858 sus
441 1779 514 1854 sim,
538 1801 599 1840 non
617 1778 746 1840 assentiar
768 1779 803 1839 sae
826 1799 842 1840 e
862 1779 956 1852 fals03
979 1784 1081 1862 quovi

377 1862 456 1925 niam
473 1879 543 1922 vera
559 1882 577 1920 a
593 1859 670 1925 falsis
693 1859 774 1920 nullo
814 1858 951 1918 iscrimiue
971 1858 1062 1940 sepa-

378 1958 500 2014 rantur,
517 1937 671 2019 praesertim
689 1958 778 2019 quum
797 1936 902 2016 judicia
922 1937 972 1997 ista
997 1940 1082 2012 dia2,

378 2019 487 2081 lebicae
505 2019 583 2085 nulla
599 2021 665 2081 sint..
1028 2021 1031 2025 ’
1077 2046 1080 2053 ·

399 2154 406 2167 ,
423 2118 489 2171 14²·
505 2097 604 2157 Venio
626 2098 704 2157 enim
727 2092 785 2172 jam
803 2093 840 2152 ad
858 2095 971 2154 tertiam
990 2114 1079 2176 pars,

377 2194 447 2244 tem·
464 2175 663 2257 philosophia.
689 2174 778 2235 Aliud
800 2172 936 2251 judicium
959 2174 1082 2242 Prota..

379 2276 458 2338 ἕρπε
471 2254 530 2331 est,
545 2257 594 2336 qui
607 2269 690 2335 putet
703 2255 732 2312 id
748 2257 850 2334 cuique
863 2274 965 2314 verum
981 2258 1061 2334 effe,
1076 2281 1082 2319 :

380 2334 462 2416 quod
482 2337 585 2416 ruique
608 2335 761 2399 videatur:
782 2335 859 2397 aliud
878 2333 1081 2417 Cyrenaicosv

379 2436 469 2491 rum,
491 2419 560 2498 qui,
582 2434 686 2498 praerer
726 2419 904 2481 ermotiouss
922 2420 1062 2495 intimas,
1078 2447 1081 2453 ·

382 2497 453 2556 nihil
475 2515 575 2577 putant
595 2495 650 2575 effe
668 2437 790 2575 jusicii:
818 2495 894 2556 aliud
922 2497 1063 2578 Epicuri,
1078 2530 1082 2571 ς

382 2579 431 2660 qui
461 2597 549 2646 omne
570 2574 708 2653 judicium
736 2579 766 2637 in
798 2576 954 2652 sensibus,
979 2580 1012 2638 &
1031 2580 1062 2640 iu

382 2679 479 2721 rerum
500 2659 636 2730 notitiis,
670 2658 704 2718 ὃ(
724 2659 753 2716 in
780 2658 931 2737 uoluptate
956 2656 1083 2718 consti·-

384 2742 449 2811 ruit.
474 2738 557 2811 Plato
577 2754 674 2796 autem
703 2756 793 2800 omne
817 2736 955 2815 judicium
985 2740 1084 2803 verb.

382 2820 473 2893 ntis,
492 2821 703 2896 veritatemque
722 2814 831 2895 ipsam,
851 2815 1002 2877 abdusiam
1026 2819 1084 2881 ab:

384 2899 569 2978 opinionibus
596 2897 626 2956 &
652 2919 670 2955 a
697 2894 852 2968 sensibus,
883 2900 1086 3042 cogitationis-

385 2979 474 3063 insius
488 2979 535 3048 ,δι
560 2973 770 3048 meurisese..
784 2976 906 3047 voluis..
945 2978 1085 3063 nmquid.-
