2709 4017
408 509 479 580 170
505 490 571 573 Ds-
595 505 773 574 uArunA
800 505 1013 577 ‚osonum

405 606 482 665 neris
504 601 599 663 bellud
615 604 740 679 marrim}
756 601 935 664 deleeleturl
953 603 1039 684 quod
1065 607 1096 667 ni

405 684 445 745 ita
466 678 534 742 eslet
555 727 565 761 ,
588 704 639 747 cur.
658 705 720 745 non
750 680 865 764 gestiret
889 699 987 743 taurus
1010 705 1096 767 equae

406 761 761 846 contrellatione,'equus
772 761 891 837 vacoae?
905 763 954 823 An
967 780 997 823 tu
1009 787 1026 824 a
1049 767 1096 825 ui-

405 842 482 913 lam,
501 859 549 902 aut
568 844 717 918 leonem,
739 860 787 903 aut
811 842 982 924 delphinum
1004 788 1096 906 ullam

404 919 550 985 anteferre
568 922 665 983 censes
677 921 799 1006 figuram
817 922 893 982 suael
916 924 986 1003 quid
1007 926 1095 1007 igitur

405 1003 532 1074 mirum,
547 1005 570 1061 si
589 1004 646 1062 hoc
664 1005 775 1077 eodem
792 1003 883 1063 modo
904 1003 1018 1078 homini
1038 1027 1094 1065 ne-

406 1099 470 1145 tura
491 1081 677 1163 praescripsit,
694 1101 729 1145 ut
752 1082 984 1220 nihilsspulcltrius
1003 1084 1095 1165 quim

405 1162 556 1238 hominem
576 1179 710 1243 putaret,
730 1182 825 1229 eame
849 1183 866 1224 e
886 1161 1020 1236 causam,
1043 1186 1095 1236 cur

406 1241 480 1302 deos
506 1243 657 1303 hominum
685 1243 792 1303 similes
816 1242 981 1322 putemus?
1008 1243 1094 1322 Quid

406 1322 504 1382 censes
528 1368 537 1396 ‚
565 1327 588 1382 si
612 1326 684 1383 ratio
709 1321 779 1383 effet
805 1324 835 1380 in
868 1321 1002 1382 belluis?
1032 1345 1094 1384 non

407 1402 609 1540 suoffquamue
635 1405 735 1486 generi
762 1403 916 1483 plur'rmlrm
930 1402 1111 1478 tributuras

409 1483 451 1543 fui
475 1483 514 1541 e?
731 1507 734 1513 ’
812 1528 814 1533 -

451 1559 623 1619 XXVIII.
648 1560 690 1620 At
711 1558 876 1620 mehercule
897 1558 980 1641 ego(
998 1561 1093 1623 dicam

409 1641 487 1701 enim
497 1684 507 1713 ,
518 1656 548 1698 ut
566 1638 684 1779 sentio!
697 1643 827 1720 quamvis
839 1657 937 1700 amem
949 1639 1008 1720 ipse
1024 1663 1093 1718 me,

339 1797 342 1802 ,
406 1737 509 1779 tamen
536 1741 597 1780 non
620 1741 654 1778 au
676 1740 714 1780 eo
741 1719 866 1793 dicere,
897 1721 1093 1800 pulchriorem

409 1798 465 1861 elle
483 1819 551 1873 me,
567 1799 654 1882 quim
672 1800 720 1861 ille
734 1799 819 1860 fuerit
833 1816 929 1859 taurus
944 1845 954 1873 ‚
971 1803 1019 1882 qui
1036 1823 1095 1863 ve·

410 1883 453 1943 xit
469 1879 626 1961 Europam.
652 1880 723 1945 Non
734 1882 814 1956 ,enim
831 1879 888 1939 hoc
906 1879 973 1939 loco
994 1881 1032 1940 de
1045 1884 1094 1944 in·

412 1962 504 2100 geniis
524 2003 534 2035 ,
556 1979 605 2022 aut
629 1961 666 2021 de
692 1959 867 2021 orationibus
889 1957 1019 2034 nostris,
1043 1961 1094 2023 sed

435 2062 451 2100 e
482 2039 576 2119 specie
604 2039 750 2122 figuraque
777 2040 919 2118 quaeritur.
946 2036 1044 2115 Quod
1072 2043 1094 2102 si

407 2119 522 2198 fingere
541 2120 626 2179 nobis
640 2121 672 2178 &
693 2117 810 2198 jungere
823 2117 931 2175 formas
948 2119 1094 2195 velimus;

410 2199 502 2278 vqualis
520 2198 568 2265 ille
587 2200 742 2257 maritimus
757 2195 863 2254 Triton
878 2197 1022 2274 pingitur,
1042 2222 1094 2261 na.

402 2272 539 2340 x,tentibus
561 2277 700 2335 invehens
721 2274 847 2345 belluis,
871 2271 1009 2350 adjundlis
1037 2279 1094 2340 hu.

410 2375 502 2416 mano
522 2357 658 2436 corpori,
673 2353 747 2414 nolis
765 2352 842 2415 elle?
863 2352 982 2415 Difficili
1001 2359 1032 2416 in
1048 2361 1093 2420 lo·

367 2446 371 2454 ‘
410 2457 452 2505 ¹co
477 2434 596 2497 versor:
625 2434 666 2496 est
689 2436 767 2495 enirn
789 2435 935 2507 tristante
958 2455 1091 2513 naturae,

412 2533 445 2579 ut
465 2516 558 2576 homo
576 2536 666 2579 nemo
687 2517 758 2576 velit
775 2516 828 2574 nisi
845 2515 970 2576 hominis
993 2519 1091 2583 similis

410 2596 482 2677 effe.
504 2595 541 2655 Et
558 2597 674 2676 quidem
691 2595 812 2656 formica
825 2593 963 2656 formicae.

411 2733 414 2738 .
455 2693 506 2756 79.
529 2675 587 2736 Sed
605 2693 703 2738 tamen
721 2673 800 2752 cujus
820 2675 966 2735 hominis?
986 2693 1092 2756 quotus

415 2759 493 2820 enim
512 2755 629 2839 quisque
640 2755 781 2818 formosus
795 2753 854 2816 est?
866 2755 991 2816 Athenis
1001 2777 1091 2836 quum

372 2850 377 2856 ’
416 2836 521 2910 ollem,
541 2856 557 2895 e
576 2840 708 2919 gregibus
724 2837 903 2916 epheborum
920 2837 970 2894 vix
988 2837 1091 2918 singuli

413 2915 642 2998 reperiebantur.
662 2919 780 2988 Video,
799 2915 867 2995 quid
882 2915 1022 2976 atriferis:
1041 2916 1090 2977 sed

411 3015 512 3074 rumen
537 2999 576 3061 ita
597 3020 643 3073 res
666 2999 694 3061 se
714 2997 810 3073 hebet.
837 2994 956 3059 Deinde
976 2996 1091 3073 nobis,
