2709 4017
297 535 328 619 4
393 527 875 606 Acrnanrrconrsn

295 635 485 698 instrumento
503 639 534 699 &
552 655 712 718 apparatu,
731 658 762 699 ut
781 642 829 701 ille
847 661 897 702 tex
912 640 979 720 post

295 716 496 779 Alexandrum
526 722 665 779 maximus
690 719 766 781 hunc
792 742 808 779 a
828 720 856 780 se
878 720 978 799 majo-

294 813 360 856 rem
379 797 482 857 ducent
501 801 673 879 cognitum,
715 798 782 859 uim
801 821 977 881 quemquam

294 893 418 948 eorum,
440 896 513 958 quos
535 875 670 959 legiffet,
693 820 714 938 iJ

707 896 840 941 ateretur.
867 878 901 938 In
919 900 977 940 eo·

295 953 367 1015 dem
384 971 461 1014 tanta
478 958 630 1036 prudentia
647 957 700 1019 fuit
715 963 748 1018 in
771 957 978 1020 constituendis

293 1035 546 1120 temperandisque
569 1039 758 1112 civitatibus,
783 1057 863 1098 tanta
886 1043 977 1119 aqui,

294 1129 364 1188 tas,
385 1133 419 1173 ut
440 1116 528 1176 hodie
549 1115 603 1177 (iet
624 1117 695 1186 Asia
716 1119 826 1183 Luculli
846 1117 976 1177 institutis

294 1190 462 1269 servandis,
478 1197 604 1280 &quasi
620 1197 745 1278 vestigiis
761 1197 977 1278 persequendis.

294 1272 378 1347 sed,·
393 1278 446 1334 nsi
461 1297 564 1357 magna
579 1298 646 1337 curn
657 1279 777 1338 utilitate
793 1279 976 1357 reipublicae,

295 1369 401 1414 tamen·
416 1354 520 1416 diutius
536 1355 623 1438 quirin
640 1357 749 1418 vellem
767 1374 845 1417 tanta
862 1361 905 1416 vis
918 1360 976 1416 vit·

293 1436 365 1493 tutis
389 1452 475 1514 atque
498 1440 606 1515 ingenii
618 1439 806 1516 peregrinata
826 1436 915 1496 abfuit
935 1437 972 1495 ab

295 1513 388 1572 oculis
404 1515 436 1572 δι
448 1513 504 1573 fori
518 1515 550 1573 δι
565 1516 660 1572 curiae.
673 1515 755 1592 Quin
770 1518 873 1586 etiam,
906 1537 975 1575 uuna

293 1590 388 1652 nidor
416 1613 434 1650 a
459 1592 659 1652 Mithridatico
686 1592 765 1652 beno
783 1597 889 1653 reverti
913 1610 942 1651 et
962 1638 973 1668 ,

292 1671 478 1730 inimicorum·
508 1673 649 1731 calumnii
678 1673 803 1731 triennio
833 1673 939 1730 tardius
962 1718 974 1751 ,

294 1750 382 1830 quim
407 1749 566 1822 debuerat,
588 1751 795 1830 triumphavit:
818 1771 871 1809 nos
895 1755 974 1812 enim

293 1828 425 1889 consules
441 1831 650 1898 introduximus
660 1850 738 1911 pene
752 1832 781 1888 in
797 1830 897 1890 urbem
914 1854 974 1891 cun

292 1930 357 1972 rum
379 1910 524 1971 clarissimi
540 1914 594 1970 viti
604 1932 614 1985 ;
636 1910 718 1990 cujus
734 1911 803 1969 mihi
823 1912 974 1972 consilium

296 1990 330 2049 δι
352 1990 502 2050 αυέὶοτὶτεε
524 1992 596 2070 quid
613 2009 672 2049 turn
693 1994 722 2049 in
740 1992 870 2049 maximis
888 1993 975 2056 rebus

291 2068 439 2151 profuiffet
453 2071 600 2142 dicerem,
618 2071 671 2128 nisi
684 2070 721 2130 de
736 2090 783 2128 me
797 2069 859 2150 ipso
874 2071 974 2131 dicen-

293 2150 366 2209 dum
390 2147 481 2218 eiset3
502 2149 582 2228 quod
609 2148 665 2207 hoc
691 2165 826 2228 tempore
852 2150 973 2224 nonest

293 2224 418 2289 necesse.
437 2225 538 2307 ltaque
556 2229 679 2308 privabo
701 2229 781 2288 illum
801 2233 897 2310 potius
917 2230 973 2291 de-

291 2308 355 2374 bito
373 2305 560 2382 testimonio,
575 2308 664 2393 quim
681 2308 711 2368 id
726 2330 792 2378 cum
805 2330 871 2371 rnea
886 2311 972 2373 laude

290 2407 516 2448 communrcem.

333 2466 381 2527 II.
400 2466 481 2542 Sed,
499 2489 562 2549 quae
580 2469 711 2548 populari
728 2468 819 2552 giorid
839 2469 972 2530 decorari

290 2547 321 2608 in
343 2545 464 2607 Lucano
491 2549 673 2622 debuerunt,
702 2569 736 2610 ea
761 2549 822 2608 fere
850 2548 912 2607 sunt
939 2549 983 2610 &¹

292 2623 403 2686 Graecis
421 2628 522 2688 litteris
544 2628 688 2689 celebrata
713 2629 744 2686 ἃ
766 2628 881 2686 Latinis.
906 2625 982 2688 Nosv

292 2724 390 2781 autem
407 2708 456 2767 illa
471 2726 589 2768 externa
607 2729 673 2767 cunt
688 2707 802 2777 multi53
822 2707 882 2764 haec
896 2707 971 2767 inte·

290 2787 366 2847 riona
389 2809 454 2847 curn
475 2791 570 2867 paucis
589 2807 627 2846 ex
648 2786 709 2864 ipso
732 2785 806 2865 saepe
826 2788 971 2866 cognovi.

290 2867 365 2928 nius.
389 2866 505 2945 Maiore
523 2868 599 2927 enirn
618 2864 710 2923 studio
731 2864 862 2942 Lucullus
880 2886 969 2944 quum

290 2950 372 3005 omni
390 2949 543 3008 litteratum
561 2945 680 3023 generi,
701 2960 762 3001 turn
782 2943 970 3025 philosophiae

288 3023 403 3095 deditus
417 3027 473 3117 fuit¹
480 3070 491 3102 ,
503 3024 608 3107 quim,
620 3025 670 3105 qui
684 3022 764 3097 illurn
777 3024 968 3108 ignorabant,
