2709 4017
324 498 392 576 ius
432 491 912 571 Acnnanrconvtt

322 610 404 680 rint,
421 626 508 687 quum
526 606 655 667 consules
676 606 787 669 effect:
809 627 871 677 tum
890 610 926 671 ad
948 610 1010 682 hoff

260 710 262 715 ·
324 690 477 760 notiores,
491 684 527 746 C.
543 686 715 747 Flaminium
726 687 800 770 (qui
811 691 908 771 legem
924 713 1005 772 agra·

319 770 397 827 riam
418 768 527 847 aliquot
551 768 631 826 annis
648 784 715 827 ante
738 767 893 829 secundum
914 771 1004 831 Puni-

324 867 392 906 cum
408 847 517 917 bellum
535 847 663 907 tribunus
678 848 770 927 plebis
781 851 895 922 tulerit,
909 853 1002 912 invito

322 925 448 999 senatu,
467 927 499 987 &
519 925 619 1004 postea
638 928 682 987 bis
703 929 802 998 consul
822 929 911 991 facins
932 931 1002 1013 sit)

323 1003 359 1067 L.
376 1006 529 1077 Cassium,
544 1005 586 1085 Q.
601 1004 791 1088 Rompeiumt
810 1010 851 1069 illi
863 1010 1000 1090 quidem,

318 1088 416 1157 etiam'
432 1085 464 1159 Ρ.
483 1085 651 1151 Africanum
668 1088 793 1160 ,referre
809 1092 840 1148 in
862 1091 1001 1161 eumdem

320 1186 479 1237 numerum,
490 1167 594 1239 ·sqlcnt
642 1169 716 1240 duos
726 1170 808 1239 ,vero
826 1167 1001 1249 sapientissh

321 1267 388 1308 mos
415 1249 447 1311 &
469 1247 639 1319 clarissimos
660 1247 785 1322 fratres,
812 1247 854 1309 P..-
868 1247 1000 1320 Craffum

323 1327 358 1393 ,ἃ
383 1327 415 1389 Ρ.
440 1327 625 1402 Scaevolam,
654 1326 733 1389 aiunt
759 1328 839 1400 Tib,
861 1327 1000 1391 Graccho

318 1408 451 1471 truciores
470 1409 567 1490 legum
590 1406 691 1482 fuisse,
714 1409 837 1469 aiterum
854 1411 997 1488 quidem,

318 1504 351 1547 tn
373 1489 530 1558 videmus,
556 1488 675 1566 palamj
698 1489 839 1560 alterum,
864 1506 894 1546 ut
908 1488 999 1568 suspi-

318 1584 440 1641 ¹cantur,
459 1566 613 1637 obscurihs.
630 1544 751 1627 Addunt
771 1569 858 1626 etiam
874 1564 998 1639 ohta-

317 1649 415 1718 riam3
433 1647 521 1711 &de
543 1645 601 1713 hoc
642 1644 827 1717 uidemrnihss
847 1649 997 1707 mentiun-

317 1726 636 1797 tur.·l,·lorum·nomini
656 1745 688 1796 ns
705 1727 894 1809 tptwirorum
909 1743 996 1808 atque

316 1822 467 1877 tantorum
488 1804 648 1885 ᾳροξὶιίε,
664 1824 778 1879 eorum.
789 1803 824 1875 se-
837 1804 995 1873 institutum

313 1884 395 1970 sequi
410 1888 517 1947 dicunt.
682 1956 683 1959 Ἴ
748 1944 754 1958 ,
988 1942 991 1949 .

362 1986 408 2043 14.
427 1967 561 2028 Similiter
577 1988 633 2028 vos
651 1985 739 2047 quum
750 1966 942 2046 perturbare,
960 1984 993 2041 ur

312 2047 356 2109 illi
375 2047 583 2128 rempublicam
604 2091 613 2119 ‚
635 2049 675 2104 sic
703 2065 759 2115 vos
781 2045 992 2129 philosophiam

314 2128 392 2187 bene
415 2126 473 2205 jam
500 2123 799 2193 constitutam,.velitis
811 2170 821 2200 ,
832 2126 991 2207 ,Empedo-

311 2207 415 2278 olem,
432 2213 654 2286 Anaxagoram,
676 2202 902 2280 Democritum,
919 2205 992 2266 Par-

311 2285 479 2360 menidem,
493 2285 726 2366 Xenophanem,
738 2286 888 2347 Platonem
902 2289 990 2351 etiam

310 2366 347 2433 ,ἃ
369 2364 520 2426 Socratem
538 2365 683 2446 profertis.
701 2366 761 2438 Sed
778 2387 872 2446 neque
888 2365 989 2427 Satur-

311 2447 395 2509 ninus
417 2443 431 2525 (
451 2463 482 2506 ut
501 2442 628 2507 nostrum
644 2449 791 2516 inimicum
807 2449 988 2525 potissimittn

311 2527 463 2587 nominem
480 2524 494 2608 )
514 2527 606 2589 simile
623 2527 779 2608 quidquam
795 2525 892 2585 habuit
909 2544 988 2596 vete·

309 2627 375 2667 rum
390 2606 527 2681 illorum,
541 2628 595 2668 nec
611 2606 748 2680 Arcesilae
762 2605 903 2664 calumnia
916 2627 986 2677 con·,

309 2685 430 2746 ferenda
456 2686 497 2749 est
518 2709 585 2747 cum
614 2685 778 2747 Democriti
802 2686 986 2749 verecundia.

308 2762 349 2826 Et
375 2784 473 2829 tamen
500 2766 543 2828 isti
569 2765 682 2848 physici
706 2765 770 2823 raro
798 2765 984 2842 admodum,

307 2867 396 2926 quum
407 2848 515 2908 haerent
526 2847 623 2984 aliqpo
636 2845 721 2916 loco,
734 2844 895 2915 exclamant
904 2851 984 2926 quasi

305 2946 406 2990 mente
423 2928 552 2997 incitati3
603 2924 772 3003 mpedocies
793 2924 932 3005 quidem,
952 2945 983 2987 ur

302 3006 451 3072 interdum·
470 3007 542 3078 mihi
557 3003 652 3077 furem
671 3004 804 3076 videatur
824 3025 835 3081 3
859 3006 982 3099 abstrttsa
