<?xml version="1.0" encoding="UTF-8"?>
<!DOCTYPE html PUBLIC "-//W3C//DTD XHTML 1.0 Transitional//EN"
    "http://www.w3.org/TR/xhtml1/DTD/xhtml1-transitional.dtd">
<html xmlns="http://www.w3.org/1999/xhtml" xml:lang="en" lang="en">
 <head>
  <title>
</title>
<meta http-equiv="Content-Type" content="text/html;charset=utf-8" />
  <meta name='ocr-system' content='tesseract 3.04.00' />
  <meta name='ocr-capabilities' content='ocr_page ocr_carea ocr_par ocr_line ocrx_word'/>
</head>
<body>
  <div class='ocr_page' id='page_1' title='image "./mtulliiciceroni10lallgoog/mtulliiciceroni10lallgoog_0193.png"; bbox 0 0 2709 4017; ppageno 0'>
   <div class='ocr_carea' id='block_1_1' title="bbox 426 512 964 606">
    <p class='ocr_par' dir='ltr' id='par_1_1' title="bbox 426 512 964 606">
     <span class='ocr_line' id='line_1_1' title="bbox 426 512 964 606; baseline 0.009 -27"><span class='ocrx_word' id='word_1_1' title='bbox 426 512 585 580; x_wconf 66' lang='lat' dir='ltr'>Liuii</span> <span class='ocrx_word' id='word_1_2' title='bbox 613 529 829 584; x_wconf 70' lang='lat' dir='ltr'>patmus.</span> <span class='ocrx_word' id='word_1_3' title='bbox 891 513 964 606; x_wconf 86' lang='lat'>187</span> 
     </span>
    </p>
   </div>
   <div class='ocr_carea' id='block_1_2' title="bbox 276 621 969 3020">
    <p class='ocr_par' dir='ltr' id='par_1_2' title="bbox 276 621 969 2437">
     <span class='ocr_line' id='line_1_2' title="bbox 279 621 966 699; baseline 0.001 -14"><span class='ocrx_word' id='word_1_4' title='bbox 279 621 342 697; x_wconf 80' lang='lat' dir='ltr'>est,</span> <span class='ocrx_word' id='word_1_5' title='bbox 356 641 411 687; x_wconf 84' lang='lat' dir='ltr'>nec</span> <span class='ocrx_word' id='word_1_6' title='bbox 422 646 478 685; x_wconf 85' lang='lat' dir='ltr'>vos</span> <span class='ocrx_word' id='word_1_7' title='bbox 491 628 599 687; x_wconf 83' lang='lat' dir='ltr'>exitum</span> <span class='ocrx_word' id='word_1_8' title='bbox 617 645 648 686; x_wconf 86' lang='lat' dir='ltr'>re</span> <span class='ocrx_word' id='word_1_9' title='bbox 671 628 769 699; x_wconf 78' lang='lat' dir='ltr'>eritis3</span> <span class='ocrx_word' id='word_1_10' title='bbox 783 642 844 687; x_wconf 77' lang='lat' dir='ltr'>tota</span> <span class='ocrx_word' id='word_1_11' title='bbox 866 642 902 686; x_wconf 84' lang='lat' dir='ltr'>ue</span> <span class='ocrx_word' id='word_1_12' title='bbox 919 646 966 687; x_wconf 87' lang='lat' dir='ltr'>res</span> 
     </span>
     <span class='ocr_line' id='line_1_3' title="bbox 278 648 966 787; baseline 0.006 -23"><span class='ocrx_word' id='word_1_13' title='bbox 278 704 397 764; x_wconf 80' lang='lat' dir='ltr'>vacillat</span> <span class='ocrx_word' id='word_1_14' title='bbox 420 705 451 764; x_wconf 87' lang='lat'>&amp;</span> <span class='ocrx_word' id='word_1_15' title='bbox 471 706 618 766; x_wconf 86' lang='lat' dir='ltr'><strong>claudicat.</strong></span> <span class='ocrx_word' id='word_1_16' title='bbox 669 727 717 765; x_wconf 86' lang='lat' dir='ltr'>am</span> <span class='ocrx_word' id='word_1_17' title='bbox 735 705 803 787; x_wconf 87' lang='lat' dir='ltr'>quid</span> <span class='ocrx_word' id='word_1_18' title='bbox 825 648 866 766; x_wconf 77' lang='lat' dir='ltr'>cll</span> <span class='ocrx_word' id='word_1_19' title='bbox 885 706 966 786; x_wconf 82' lang='lat' dir='ltr'>quod</span> 
     </span>
     <span class='ocr_line' id='line_1_4' title="bbox 279 778 967 868; baseline 0.007 -27"><span class='ocrx_word' id='word_1_20' title='bbox 279 786 374 842; x_wconf 76' lang='lat' dir='ltr'>miuus</span> <span class='ocrx_word' id='word_1_21' title='bbox 400 786 518 863; x_wconf 83' lang='lat' dir='ltr'>probari</span> <span class='ocrx_word' id='word_1_22' title='bbox 540 788 652 868; x_wconf 83' lang='lat' dir='ltr'>possit,</span> <span class='ocrx_word' id='word_1_23' title='bbox 695 786 761 845; x_wconf 68' lang='lat' dir='ltr'>uam</span> <span class='ocrx_word' id='word_1_24' title='bbox 785 787 915 847; x_wconf 87' lang='lat' dir='ltr'>omnium</span> <span class='ocrx_word' id='word_1_25' title='bbox 936 778 967 846; x_wconf 84' lang='lat' dir='ltr'>in</span> 
     </span>
     <span class='ocr_line' id='line_1_5' title="bbox 279 806 966 939; baseline 0.004 -17"><span class='ocrx_word' id='word_1_26' title='bbox 279 881 328 922; x_wconf 86' lang='lat' dir='ltr'>me</span> <span class='ocrx_word' id='word_1_27' title='bbox 350 863 479 930; x_wconf 81' lang='lat' dir='ltr'>incidere</span> <span class='ocrx_word' id='word_1_28' title='bbox 501 867 557 924; x_wconf 90' lang='lat' dir='ltr'>ima</span> <span class='ocrx_word' id='word_1_29' title='bbox 579 806 833 939; x_wconf 73' lang='lat' dir='ltr'>ines,llomeri·,</span> <span class='ocrx_word' id='word_1_30' title='bbox 856 863 966 926; x_wconf 77' lang='lat' dir='ltr'>Archi&#39;·</span> 
     </span>
     <span class='ocr_line' id='line_1_6' title="bbox 279 887 966 1041; baseline 0.006 -41"><span class='ocrx_word' id='word_1_31' title='bbox 279 941 378 1015; x_wconf 82' lang='lat' dir='ltr'>lochi,</span> <span class='ocrx_word' id='word_1_32' title='bbox 395 941 535 1018; x_wconf 88' lang='lat' dir='ltr'>Romuli,</span> <span class='ocrx_word' id='word_1_33' title='bbox 549 887 670 1018; x_wconf 70' lang='lat' dir='ltr'>llumae,</span> <span class='ocrx_word' id='word_1_34' title='bbox 689 944 884 1041; x_wconf 69' lang='lat' dir='ltr'>Pythagorae‚</span> <span class='ocrx_word' id='word_1_35' title='bbox 900 943 966 1004; x_wconf 84' lang='lat' dir='ltr'>Pla·</span> 
     </span>
     <span class='ocr_line' id='line_1_7' title="bbox 278 1017 967 1096; baseline 0.007 -17"><span class='ocrx_word' id='word_1_36' title='bbox 278 1023 376 1095; x_wconf 56' lang='lat' dir='ltr'>tonis„</span> <span class='ocrx_word' id='word_1_37' title='bbox 401 1043 456 1082; x_wconf 88' lang='lat' dir='ltr'>nec</span> <span class='ocrx_word' id='word_1_38' title='bbox 481 1044 517 1084; x_wconf 86' lang='lat' dir='ltr'>ex</span> <span class='ocrx_word' id='word_1_39' title='bbox 536 1023 659 1096; x_wconf 85' lang='lat' dir='ltr'>forma,</span> <span class='ocrx_word' id='word_1_40' title='bbox 699 1045 734 1084; x_wconf 89' lang='lat' dir='ltr'>ua</span> <span class='ocrx_word' id='word_1_41' title='bbox 756 1025 795 1085; x_wconf 79' lang='lat' dir='ltr'>illi</span> <span class='ocrx_word' id='word_1_42' title='bbox 816 1024 930 1085; x_wconf 85' lang='lat' dir='ltr'>fuerunt</span> <span class='ocrx_word' id='word_1_43' title='bbox 953 1017 967 1084; x_wconf 76' lang='lat' dir='ltr'>‘l</span> 
     </span>
     <span class='ocr_line' id='line_1_8' title="bbox 279 1097 966 1222; baseline 0.004 -62"><span class='ocrx_word' id='word_1_44' title='bbox 279 1097 448 1222; x_wconf 73' lang='lat' dir='ltr'>Quomodo</span> <span class='ocrx_word' id='word_1_45' title='bbox 475 1122 546 1185; x_wconf 83' lang='lat' dir='ltr'>ergo</span> <span class='ocrx_word' id='word_1_46' title='bbox 575 1102 649 1165; x_wconf 82' lang='lat' dir='ltr'>illi?</span> <span class='ocrx_word' id='word_1_47' title='bbox 739 1115 861 1186; x_wconf 87' lang='lat' dir='ltr'>quorum</span> <span class='ocrx_word' id='word_1_48' title='bbox 889 1107 966 1164; x_wconf 87' lang='lat' dir='ltr'>ima-</span> 
     </span>
     <span class='ocr_line' id='line_1_9' title="bbox 299 1196 955 1240; baseline 0.002 -1"><span class='ocrx_word' id='word_1_49' title='bbox 299 1200 382 1240; x_wconf 87' lang='lat' dir='ltr'>mes.</span> <span class='ocrx_word' id='word_1_50' title='bbox 953 1196 955 1203; x_wconf 77' lang='grc'>’</span> 
     </span>
     <span class='ocr_line' id='line_1_10' title="bbox 278 1199 968 1339; baseline 0.006 -21"><span class='ocrx_word' id='word_1_51' title='bbox 278 1199 298 1261; x_wconf 69' lang='lat' dir='ltr'>g</span> <span class='ocrx_word' id='word_1_52' title='bbox 324 1256 392 1318; x_wconf 82' lang='lat'>108.</span> <span class='ocrx_word' id='word_1_53' title='bbox 415 1257 572 1339; x_wconf 84' lang='lat' dir='ltr'>Orpheum</span> <span class='ocrx_word' id='word_1_54' title='bbox 618 1263 717 1322; x_wconf 85' lang='lat' dir='ltr'>0‘e&#39;tam</span> <span class='ocrx_word' id='word_1_55' title='bbox 742 1260 831 1323; x_wconf 78' lang='lat' dir='ltr'>docet</span> <span class='ocrx_word' id='word_1_56' title='bbox 852 1257 968 1322; x_wconf 84' lang='lat' dir='ltr'>Aristo·</span> 
     </span>
     <span class='ocr_line' id='line_1_11' title="bbox 276 1282 967 1420; baseline 0.003 -22"><span class='ocrx_word' id='word_1_57' title='bbox 276 1337 352 1400; x_wconf 69' lang='lat' dir='ltr'>celes</span> <span class='ocrx_word' id='word_1_58' title='bbox 372 1358 531 1419; x_wconf 86' lang='lat' dir='ltr'>numquam</span> <span class='ocrx_word' id='word_1_59' title='bbox 548 1282 655 1415; x_wconf 69' lang='lat' dir='ltr'>inille,</span> <span class='ocrx_word' id='word_1_60' title='bbox 676 1339 708 1400; x_wconf 75' lang='grc' dir='ltr'>δι</span> <span class='ocrx_word' id='word_1_61' title='bbox 726 1339 784 1401; x_wconf 92' lang='lat' dir='ltr'>hoc</span> <span class='ocrx_word' id='word_1_62' title='bbox 803 1338 967 1420; x_wconf 80' lang='lat' dir='ltr'>Orphicum</span> 
     </span>
     <span class='ocr_line' id='line_1_12' title="bbox 278 1416 969 1499; baseline 0.001 -22"><span class='ocrx_word' id='word_1_63' title='bbox 278 1437 397 1477; x_wconf 84' lang='lat' dir='ltr'>carmen</span> <span class='ocrx_word' id='word_1_64' title='bbox 418 1416 513 1499; x_wconf 86' lang='lat' dir='ltr'>Pytha</span> <span class='ocrx_word' id='word_1_65' title='bbox 535 1421 596 1479; x_wconf 86' lang='lat' dir='ltr'>orei</span> <span class='ocrx_word' id='word_1_66' title='bbox 617 1418 712 1480; x_wconf 84' lang='lat' dir='ltr'>ferunt</span> <span class='ocrx_word' id='word_1_67' title='bbox 734 1417 880 1492; x_wconf 74' lang='lat' dir='ltr'>cuiusdam</span> <span class='ocrx_word' id='word_1_68' title='bbox 901 1418 969 1478; x_wconf 84' lang='lat' dir='ltr'>fuis·</span> 
     </span>
     <span class='ocr_line' id='line_1_13' title="bbox 277 1439 965 1582; baseline 0.003 -26"><span class='ocrx_word' id='word_1_69' title='bbox 277 1495 307 1558; x_wconf 81' lang='lat' dir='ltr'>se</span> <span class='ocrx_word' id='word_1_70' title='bbox 330 1495 485 1578; x_wconf 83' lang='lat' dir='ltr'>Cercopis.</span> <span class='ocrx_word' id='word_1_71' title='bbox 515 1439 556 1558; x_wconf 49' lang='grc' dir='ltr'>Ξῖ</span> <span class='ocrx_word' id='word_1_72' title='bbox 572 1497 729 1580; x_wconf 86' lang='lat' dir='ltr'>Orpheus,</span> <span class='ocrx_word' id='word_1_73' title='bbox 741 1499 770 1558; x_wconf 94' lang='lat' dir='ltr'>id</span> <span class='ocrx_word' id='word_1_74' title='bbox 783 1497 842 1575; x_wconf 87' lang='lat' dir='ltr'>est,</span> <span class='ocrx_word' id='word_1_75' title='bbox 866 1502 965 1582; x_wconf 86' lang='lat' dir='ltr'>imago</span> 
     </span>
     <span class='ocr_line' id='line_1_14' title="bbox 279 1574 964 1655; baseline 0.004 -18"><span class='ocrx_word' id='word_1_76' title='bbox 279 1574 368 1654; x_wconf 81' lang='lat' dir='ltr'>ejus,</span> <span class='ocrx_word' id='word_1_77' title='bbox 391 1595 423 1636; x_wconf 86' lang='lat' dir='ltr'>ut</span> <span class='ocrx_word' id='word_1_78' title='bbox 444 1599 499 1638; x_wconf 88' lang='lat' dir='ltr'>vos</span> <span class='ocrx_word' id='word_1_79' title='bbox 523 1578 608 1638; x_wconf 88' lang='lat' dir='ltr'>vultis</span> <span class='ocrx_word' id='word_1_80' title='bbox 629 1625 639 1655; x_wconf 85' lang='lat'>,</span> <span class='ocrx_word' id='word_1_81' title='bbox 663 1580 692 1638; x_wconf 88' lang='lat' dir='ltr'>in</span> <span class='ocrx_word' id='word_1_82' title='bbox 715 1582 840 1639; x_wconf 86' lang='lat' dir='ltr'>animum</span> <span class='ocrx_word' id='word_1_83' title='bbox 866 1598 964 1640; x_wconf 87' lang='lat' dir='ltr'>meum</span> 
     </span>
     <span class='ocr_line' id='line_1_15' title="bbox 278 1654 966 1739; baseline 0.004 -23"><span class='ocrx_word' id='word_1_84' title='bbox 278 1654 354 1737; x_wconf 85' lang='lat' dir='ltr'>saepe</span> <span class='ocrx_word' id='word_1_85' title='bbox 378 1658 503 1717; x_wconf 82' lang='lat' dir='ltr'>incurrit.</span> <span class='ocrx_word' id='word_1_86' title='bbox 527 1657 638 1736; x_wconf 91' lang='lat' dir='ltr'>Quid,</span> <span class='ocrx_word' id='word_1_87' title='bbox 659 1659 740 1739; x_wconf 73' lang='lat' dir='ltr'>quod</span> <span class='ocrx_word' id='word_1_88' title='bbox 761 1657 889 1737; x_wconf 78' lang='lat' dir='ltr'>ejusdem</span> <span class='ocrx_word' id='word_1_89' title='bbox 909 1660 966 1719; x_wconf 81' lang='lat' dir='ltr'>ho·-</span> 
     </span>
     <span class='ocr_line' id='line_1_16' title="bbox 278 1737 965 1818; baseline 0.003 -22"><span class='ocrx_word' id='word_1_90' title='bbox 278 1738 363 1796; x_wconf 87' lang='lat' dir='ltr'>minis</span> <span class='ocrx_word' id='word_1_91' title='bbox 377 1738 405 1794; x_wconf 85' lang='lat' dir='ltr'>iu</span> <span class='ocrx_word' id='word_1_92' title='bbox 422 1756 520 1797; x_wconf 84' lang='lat' dir='ltr'>meum</span> <span class='ocrx_word' id='word_1_93' title='bbox 539 1738 620 1810; x_wconf 84' lang='lat' dir='ltr'>aliae,</span> <span class='ocrx_word' id='word_1_94' title='bbox 640 1740 702 1797; x_wconf 86' lang='lat' dir='ltr'>aliae</span> <span class='ocrx_word' id='word_1_95' title='bbox 714 1742 744 1798; x_wconf 85' lang='lat' dir='ltr'>in</span> <span class='ocrx_word' id='word_1_96' title='bbox 759 1737 863 1798; x_wconf 80' lang='lat' dir='ltr'>tuum?</span> <span class='ocrx_word' id='word_1_97' title='bbox 877 1739 965 1818; x_wconf 67' lang='lat' dir='ltr'>quid‘,</span> 
     </span>
     <span class='ocr_line' id='line_1_17' title="bbox 278 1815 966 1897; baseline 0.004 -23"><span class='ocrx_word' id='word_1_98' title='bbox 278 1815 361 1897; x_wconf 77' lang='lat' dir='ltr'>qubd</span> <span class='ocrx_word' id='word_1_99' title='bbox 381 1835 478 1875; x_wconf 85' lang='lat' dir='ltr'>earum</span> <span class='ocrx_word' id='word_1_100' title='bbox 498 1836 593 1875; x_wconf 86' lang='lat' dir='ltr'>rerum</span> <span class='ocrx_word' id='word_1_101' title='bbox 612 1859 622 1887; x_wconf 92' lang='lat'>‚</span> <span class='ocrx_word' id='word_1_102' title='bbox 641 1838 705 1896; x_wconf 88' lang='lat' dir='ltr'>quae</span> <span class='ocrx_word' id='word_1_103' title='bbox 722 1838 879 1896; x_wconf 79' lang='lat' dir='ltr'>numquam</span> <span class='ocrx_word' id='word_1_104' title='bbox 898 1840 966 1877; x_wconf 92' lang='lat' dir='ltr'>om-</span> 
     </span>
     <span class='ocr_line' id='line_1_18' title="bbox 277 1893 964 1976; baseline 0.004 -21"><span class='ocrx_word' id='word_1_105' title='bbox 277 1899 349 1956; x_wconf 85' lang='lat' dir='ltr'>uino</span> <span class='ocrx_word' id='word_1_106' title='bbox 372 1893 508 1966; x_wconf 83' lang='lat' dir='ltr'>fuerunt,</span> <span class='ocrx_word' id='word_1_107' title='bbox 533 1913 629 1976; x_wconf 84' lang='lat' dir='ltr'>neque</span> <span class='ocrx_word' id='word_1_108' title='bbox 646 1894 703 1955; x_wconf 85' lang='lat' dir='ltr'>elle</span> <span class='ocrx_word' id='word_1_109' title='bbox 747 1913 907 1971; x_wconf 80' lang='lat' dir='ltr'>umerum,</span> <span class='ocrx_word' id='word_1_110' title='bbox 931 1914 964 1958; x_wconf 83' lang='lat' dir='ltr'>ut</span> 
     </span>
     <span class='ocr_line' id='line_1_19' title="bbox 277 1918 967 2056; baseline 0 -21"><span class='ocrx_word' id='word_1_111' title='bbox 277 1971 408 2054; x_wconf 58' lang='lat' dir='ltr'>Scylla,</span> <span class='ocrx_word' id='word_1_112' title='bbox 426 1992 457 2032; x_wconf 90' lang='lat' dir='ltr'>ut</span> <span class='ocrx_word' id='word_1_113' title='bbox 471 1972 645 2034; x_wconf 80' lang='lat' dir='ltr'>Chimaerae?</span> <span class='ocrx_word' id='word_1_114' title='bbox 663 1918 754 2054; x_wconf 51' lang='lat' dir='ltr'>quil,</span> <span class='ocrx_word' id='word_1_115' title='bbox 768 1976 846 2056; x_wconf 72' lang='lat' dir='ltr'>quod</span> <span class='ocrx_word' id='word_1_116' title='bbox 868 1975 967 2052; x_wconf 49' lang='lat' dir='ltr'>homi?</span> 
     </span>
     <span class='ocr_line' id='line_1_20' title="bbox 276 2052 964 2129; baseline 0 -13"><span class='ocrx_word' id='word_1_117' title='bbox 276 2074 378 2126; x_wconf 85' lang='lat' dir='ltr'>num,</span> <span class='ocrx_word' id='word_1_118' title='bbox 404 2052 566 2127; x_wconf 84' lang='lat' dir='ltr'>locorum,</span> <span class='ocrx_word' id='word_1_119' title='bbox 592 2052 706 2117; x_wconf 87' lang='lat' dir='ltr'>urbium</span> <span class='ocrx_word' id='word_1_120' title='bbox 736 2074 864 2129; x_wconf 86' lang='lat' dir='ltr'>earum,</span> <span class='ocrx_word' id='word_1_121' title='bbox 914 2074 964 2116; x_wconf 83' lang='lat' dir='ltr'>uas</span> 
     </span>
     <span class='ocr_line' id='line_1_21' title="bbox 276 2073 965 2214; baseline 0.001 -18"><span class='ocrx_word' id='word_1_122' title='bbox 276 2153 437 2214; x_wconf 85' lang='lat' dir='ltr'>numquam</span> <span class='ocrx_word' id='word_1_123' title='bbox 456 2132 602 2193; x_wconf 79' lang='lat' dir='ltr'>vidimus?</span> <span class='ocrx_word' id='word_1_124' title='bbox 625 2133 717 2214; x_wconf 89' lang='lat' dir='ltr'>quid,</span> <span class='ocrx_word' id='word_1_125' title='bbox 734 2135 813 2214; x_wconf 71' lang='lat' dir='ltr'>quod</span> <span class='ocrx_word' id='word_1_126' title='bbox 827 2073 913 2195; x_wconf 77' lang='lat' dir='ltr'>simul</span> <span class='ocrx_word' id='word_1_127' title='bbox 931 2144 965 2197; x_wconf 75' lang='lat' dir='ltr'>ac</span> 
     </span>
     <span class='ocr_line' id='line_1_22' title="bbox 277 2211 964 2295; baseline 0.001 -20"><span class='ocrx_word' id='word_1_128' title='bbox 277 2215 349 2276; x_wconf 87' lang='lat' dir='ltr'>mihi</span> <span class='ocrx_word' id='word_1_129' title='bbox 373 2212 532 2275; x_wconf 83' lang='lat' dir='ltr'>collibitum</span> <span class='ocrx_word' id='word_1_130' title='bbox 557 2211 623 2285; x_wconf 89' lang='lat' dir='ltr'>est,</span> <span class='ocrx_word' id='word_1_131' title='bbox 650 2211 752 2295; x_wconf 77' lang='lat' dir='ltr'>praestb</span> <span class='ocrx_word' id='word_1_132' title='bbox 775 2213 816 2274; x_wconf 78' lang='lat' dir='ltr'>est</span> <span class='ocrx_word' id='word_1_133' title='bbox 833 2216 890 2274; x_wconf 90' lang='lat' dir='ltr'>ima</span> <span class='ocrx_word' id='word_1_134' title='bbox 911 2212 964 2277; x_wconf 82' lang='lat' dir='ltr'>oi</span> 
     </span>
     <span class='ocr_line' id='line_1_23' title="bbox 278 2236 964 2374; baseline 0.009 -22"><span class='ocrx_word' id='word_1_135' title='bbox 278 2293 369 2374; x_wconf 89' lang='lat' dir='ltr'>quid,</span> <span class='ocrx_word' id='word_1_136' title='bbox 386 2293 466 2373; x_wconf 73' lang='lat' dir='ltr'>quod</span> <span class='ocrx_word' id='word_1_137' title='bbox 484 2295 571 2359; x_wconf 82' lang='lat' dir='ltr'>etiam</span> <span class='ocrx_word' id='word_1_138' title='bbox 586 2293 623 2354; x_wconf 89' lang='lat' dir='ltr'>ad</span> <span class='ocrx_word' id='word_1_139' title='bbox 637 2294 830 2364; x_wconf 80' lang='lat' dir='ltr'>dormiem‘em</span> <span class='ocrx_word' id='word_1_140' title='bbox 844 2236 964 2358; x_wconf 59' lang='grc' dir='ltr'>νὲιῇυηὲ</span> 
     </span>
     <span class='ocr_line' id='line_1_24' title="bbox 277 2373 442 2437; baseline -0.042 0"><span class='ocrx_word' id='word_1_141' title='bbox 277 2373 442 2437; x_wconf 77' lang='lat' dir='ltr'>invocatae?</span> 
     </span>
    </p>

    <p class='ocr_par' dir='ltr' id='par_1_3' title="bbox 277 2451 964 3020">
     <span class='ocr_line' id='line_1_25' title="bbox 320 2451 964 2549; baseline 0.008 -37"><span class='ocrx_word' id='word_1_142' title='bbox 320 2451 486 2515; x_wconf 86' lang='lat' dir='ltr'>XXXIX.</span> <span class='ocrx_word' id='word_1_143' title='bbox 503 2451 582 2513; x_wconf 78' lang='lat' dir='ltr'>Tota</span> <span class='ocrx_word' id='word_1_144' title='bbox 601 2472 645 2513; x_wconf 86' lang='lat' dir='ltr'>res</span> <span class='ocrx_word' id='word_1_145' title='bbox 656 2498 665 2529; x_wconf 86' lang='lat'>,</span> <span class='ocrx_word' id='word_1_146' title='bbox 676 2453 797 2527; x_wconf 83' lang='lat' dir='ltr'>Vellei,</span> <span class='ocrx_word' id='word_1_147' title='bbox 813 2456 964 2549; x_wconf 71' lang='lat' dir='ltr'>nugatoria</span> 
     </span>
     <span class='ocr_line' id='line_1_26' title="bbox 278 2529 964 2616; baseline 0 -24"><span class='ocrx_word' id='word_1_148' title='bbox 278 2529 331 2592; x_wconf 80' lang='lat' dir='ltr'>cst.</span> <span class='ocrx_word' id='word_1_149' title='bbox 354 2531 420 2591; x_wconf 87' lang='lat' dir='ltr'>Vos</span> <span class='ocrx_word' id='word_1_150' title='bbox 440 2550 537 2594; x_wconf 87' lang='lat' dir='ltr'>autem</span> <span class='ocrx_word' id='word_1_151' title='bbox 557 2553 618 2591; x_wconf 88' lang='lat' dir='ltr'>nou</span> <span class='ocrx_word' id='word_1_152' title='bbox 638 2534 729 2593; x_wconf 82' lang='lat' dir='ltr'>modb</span> <span class='ocrx_word' id='word_1_153' title='bbox 750 2532 839 2596; x_wconf 87' lang='lat' dir='ltr'>oculis</span> <span class='ocrx_word' id='word_1_154' title='bbox 859 2534 964 2616; x_wconf 78' lang='lat' dir='ltr'>imagi·</span> 
     </span>
     <span class='ocr_line' id='line_1_27' title="bbox 278 2609 962 2684; baseline 0.004 -12"><span class='ocrx_word' id='word_1_155' title='bbox 278 2631 351 2684; x_wconf 84' lang='lat' dir='ltr'>nes,</span> <span class='ocrx_word' id='word_1_156' title='bbox 372 2609 521 2672; x_wconf 86' lang='lat' dir='ltr'>sedetiam</span> <span class='ocrx_word' id='word_1_157' title='bbox 537 2612 639 2672; x_wconf 82' lang='lat' dir='ltr'>animis</span> <span class='ocrx_word' id='word_1_158' title='bbox 656 2612 802 2675; x_wconf 82' lang='lat' dir='ltr'>inculcatis</span> <span class='ocrx_word' id='word_1_159' title='bbox 812 2632 822 2684; x_wconf 82' lang='lat'>3</span> <span class='ocrx_word' id='word_1_160' title='bbox 832 2617 910 2676; x_wconf 79' lang='lat' dir='ltr'>tauta</span> <span class='ocrx_word' id='word_1_161' title='bbox 921 2611 962 2675; x_wconf 84' lang='lat' dir='ltr'>est</span> 
     </span>
     <span class='ocr_line' id='line_1_28' title="bbox 277 2690 963 2773; baseline 0.004 -22"><span class='ocrx_word' id='word_1_162' title='bbox 277 2690 433 2770; x_wconf 84' lang='lat' dir='ltr'>impunitas</span> <span class='ocrx_word' id='word_1_163' title='bbox 478 2691 612 2755; x_wconf 72' lang='lat' dir='ltr'>utriendi.</span> <span class='ocrx_word' id='word_1_164' title='bbox 638 2691 680 2752; x_wconf 85' lang='lat' dir='ltr'>At</span> <span class='ocrx_word' id='word_1_165' title='bbox 702 2691 797 2773; x_wconf 74' lang='lat' dir='ltr'>quim</span> <span class='ocrx_word' id='word_1_166' title='bbox 811 2692 929 2760; x_wconf 71' lang='lat' dir='ltr'>licenter</span> <span class='ocrx_word' id='word_1_167' title='bbox 950 2690 963 2754; x_wconf 79' lang='lat' dir='ltr'>i</span> 
     </span>
     <span class='ocr_line' id='line_1_29' title="bbox 280 2711 962 2851; baseline 0 -23"><span class='ocrx_word' id='word_1_168' title='bbox 280 2711 605 2851; x_wconf 53' lang='lat' dir='ltr'>Fluentium&#39;sgiequemer</span> <span class='ocrx_word' id='word_1_169' title='bbox 623 2774 750 2835; x_wconf 76' lang='lat' dir='ltr'>transitio</span> <span class='ocrx_word' id='word_1_170' title='bbox 763 2774 794 2849; x_wconf 71' lang='lat' dir='ltr'>fit</span> <span class='ocrx_word' id='word_1_171' title='bbox 805 2772 962 2843; x_wconf 73' lang='lat' dir='ltr'>visionum,</span> 
     </span>
     <span class='ocr_line' id='line_1_30' title="bbox 278 2847 963 2928; baseline -0.004 -19"><span class='ocrx_word' id='word_1_172' title='bbox 278 2867 311 2911; x_wconf 80' lang='lat' dir='ltr'>ut</span> <span class='ocrx_word' id='word_1_173' title='bbox 331 2871 346 2907; x_wconf 84' lang='lat' dir='ltr'><em>e</em></span> <span class='ocrx_word' id='word_1_174' title='bbox 363 2850 454 2909; x_wconf 78' lang='lat' dir='ltr'>multis</span> <span class='ocrx_word' id='word_1_175' title='bbox 472 2871 527 2910; x_wconf 81' lang='lat' dir='ltr'>una</span> <span class='ocrx_word' id='word_1_176' title='bbox 546 2854 681 2928; x_wconf 74' lang='lat' dir='ltr'>videatut‘.</span> <span class='ocrx_word' id='word_1_177' title='bbox 703 2850 829 2914; x_wconf 63' lang='lat' dir='ltr'>Puderet</span> <span class='ocrx_word' id='word_1_178' title='bbox 849 2870 896 2910; x_wconf 80' lang='lat' dir='ltr'>me</span> <span class='ocrx_word' id='word_1_179' title='bbox 917 2847 963 2906; x_wconf 85' lang='lat' dir='ltr'>di-</span> 
     </span>
     <span class='ocr_line' id='line_1_31' title="bbox 278 2924 963 3020; baseline -0.007 -27"><span class='ocrx_word' id='word_1_180' title='bbox 278 2947 347 2993; x_wconf 81' lang='lat' dir='ltr'>cere</span> <span class='ocrx_word' id='word_1_181' title='bbox 366 2949 425 2994; x_wconf 86' lang='lat' dir='ltr'>uuo</span> <span class='ocrx_word' id='word_1_182' title='bbox 445 2930 626 3020; x_wconf 80' lang='lat' dir='ltr'>intelligere,</span> <span class='ocrx_word' id='word_1_183' title='bbox 645 2935 668 2993; x_wconf 81' lang='lat' dir='ltr'>si</span> <span class='ocrx_word' id='word_1_184' title='bbox 686 2924 808 3019; x_wconf 73' lang='lat' dir='ltr'>vosipsi</span> <span class='ocrx_word' id='word_1_185' title='bbox 819 2927 963 3013; x_wconf 50' lang='lat' dir='ltr'>intellig&amp;</span> 
     </span>
    </p>
   </div>
   <div class='ocr_carea' id='block_1_3' title="bbox 0 0 1360 4017">
    <p class='ocr_par' dir='ltr' id='par_1_4' title="bbox 0 0 1360 4017">
     <span class='ocr_line' id='line_1_32' title="bbox 0 0 1360 4017; baseline 0 1"><span class='ocrx_word' id='word_1_186' title='bbox 0 0 1360 4017; x_wconf 95' lang='lat' dir='ltr'> </span> 
     </span>
    </p>
   </div>
  </div>
 </body>
</html>
