2709 4017
397 524 473 622 308
509 523 576 590 Du
600 535 773 590 narona
799 534 1016 605 DEORUM,

398 638 576 699 declinantur
605 635 746 697 contraria
769 654 777 692 τ
806 633 839 693 ὃ(
863 656 958 697 omne
983 633 1083 697 animal

399 720 513 798 appetit¹
529 717 680 799 quiedam,
706 715 738 773 &
759 713 832 853 fugit
855 736 872 773 a
894 717 1083 798 quibusdam:

398 799 480 878 quod
504 817 600 858 autem
623 796 752 876 refugit,
773 796 782 852 i
826 813 932 856 contra
957 816 1086 858 naturam
1134 854 1135 873 p

400 877 463 951 ell3
485 879 517 939 &
534 877 615 960 quod
634 875 674 937 esl
692 891 793 934 contra
809 893 967 952 naturam,
985 879 1018 938 id
1035 878 1087 939 lu·

401 959 451 1018 bet
470 963 531 1019 vim
551 957 760 1018 interimendi:
780 966 871 1015 om'ne
891 977 968 1040 ergo
986 957 1088 1019 animal

400 1041 523 1100 intereat
550 1036 662 1099 necelie
684 1035 735 1097 eil.
759 1034 1088 1111 innumerabilium,

403 1139 440 1180 ex
459 1120 562 1199 quibus
581 1117 656 1179 effici
676 1119 800 1255 cogique
817 1117 911 1197 possit
929 1163 940 1189 ‚
961 1119 1034 1198 nihil
1049 1138 1090 1178 es·

402 1197 452 1272 se,
466 1200 547 1280 quod
557 1198 667 1259 sensum
680 1199 716 1256 ha
739 1213 805 1268 eat,
821 1198 892 1276 quin
904 1198 935 1257 id
954 1200 1089 1260 intereat:

405 1283 515 1341 etenim
534 1301 568 1339 ea
582 1279 659 1360 ipsa,
677 1300 740 1359 quae
754 1279 929 1353 sentiuntur,
941 1296 976 1338 ut
988 1278 1091 1362 frigus,

406 1378 439 1421 ut
456 1361 552 1435 calor,
568 1379 599 1419 ut
617 1360 771 1438 voluptas,
783 1375 814 1416 ut
831 1358 940 1432 dolor,
958 1376 992 1418 ut
1014 1378 1092 1420 cete·

307 1519 310 1524 1
407 1462 466 1515 ra,
488 1461 577 1521 quum
597 1437 769 1520 amplificata
791 1436 877 1509 sunt,
904 1441 1091 1500 interimunt:

409 1539 464 1580 nec
483 1521 572 1580 ullum
592 1520 697 1579 animal
715 1518 755 1578 est
773 1521 835 1578 sine
850 1518 931 1579 sensu
947 1528 960 1579 't
984 1520 1093 1613 nullutn

408 1602 494 1682 igitur
511 1601 616 1659 animal
631 1598 671 1658 est
687 1612 838 1658 aeternum.¹

450 1679 533 1739 XIV.
561 1678 678 1740 Etenim
703 1696 751 1739 aut
774 1678 899 1759 simplex
926 1678 971 1739 est
995 1696 1093 1741 natura

407 1759 580 1834 animantis,
598 1778 630 1819 ut
647 1760 697 1820 vel
710 1778 824 1820 terrena
843 1763 902 1833 sit,
921 1761 1000 1821 vel‘
1023 1781 1094 1832 nea,

408 1842 459 1902 vel
476 1841 624 1916 animalis,
638 1841 689 1900 vel
705 1840 842 1911 humida;
855 1841 936 1920 quod
944 1780 1041 1922 'qu'ie
1052 1843 1094 1913 sit,

410 1942 449 1983 ue
472 1923 590 2003 intelligi
610 1923 726 2002 quidem
744 1919 858 2001 potesl:
886 1937 938 1980 eut
959 1935 1113 1981 concreta¹

411 2023 448 2062 ex
467 2002 593 2082 pluribus
607 2003 733 2074 naturis,
747 2021 867 2082 quarum
880 1998 962 2060 suurn
977 2018 1096 2081 quaque

411 2083 509 2143 locum
530 2081 659 2158 habeat,
684 2084 743 2164 quo
763 2097 871 2141 naturae
886 2083 919 2140 v'i
944 2079 1096 2154 efferatur,

412 2164 466 2222 alia
480 2161 609 2221 infimum
621 2209 631 2236 ‚
644 2165 699 2222 alia
713 2161 874 2228 summum.
887 2161 944 2221 alia
957 2162 1097 2223 medium.

412 2242 485 2302 Haec
504 2243 541 2301 ad
557 2244 705 2320 quoddam
720 2260 833 2322 tempus
851 2241 1005 2304 coherere
1008 2263 1097 2383 sspos·

412 2321 495 2393 sunt3
512 2321 569 2380 seru
593 2343 625 2381 er
641 2341 738 2384 autem
754 2324 833 2382 nullo
845 2322 941 2384 modo
963 2345 1007 2404 po
1030 2343 1097 2384 unt:

413 2398 525 2460 neceffe
546 2344 591 2460 etl
600 2406 699 2476 enim,
717 2406 746 2463 in
762 2403 842 2464 suum
855 2423 980 2484 quaeque
1003 2405 1099 2465 locum

414 2499 514 2540 natura
530 2484 664 2562 rapiatur.
686 2483 805 2543 Nullum
826 2486 910 2564 igitur
929 2485 1041 2545 animal
1063 2480 1100 2545 eli

414 2560 630 2640 sempiternum.

457 2659 504 2720 35.
531 2641 591 2702 Sed
616 2641 714 2704 omnia
735 2639 841 2717 vellii,
862 2641 982 2716 Balbe,
1007 2644 1099 2704 solent

414 2721 451 2781 ad
472 2725 585 2803 igneam
608 2727 668 2783 vim
688 2719 816 2797 referre,
836 2723 1048 2800 Heraclitum,
1070 2738 1100 2783 ut

414 2805 541 2884 opinor,
554 2803 725 2884 sequentes;
742 2822 830 2883 quem
847 2802 940 2884 ipsum
960 2824 1023 2864 non
1041 2824 1103 2866 orn·

413 2905 467 2944 nes
487 2886 709 2961 interpretantur
729 2904 787 2942 uno
808 2883 928 2943 modo:
950 2887 1001 2966 qui
1027 2906 1104 2966 quo·

413 2967 509 3038 niam,
525 2964 594 3103 <prud
613 2964 741 3033 diceret,
752 2964 872 3045 intelligi
884 2962 1002 3038 noluit,
1015 2968 1100 3026 omit·

414 3061 517 3104 tamus.
564 3064 597 3105 os
613 3059 710 3105 autem
725 3044 764 3104 ita
776 3044 884 3120 dicitis,
897 3065 1026 3109 omnem
1044 3047 1104 3109 viru
