2709 4017
404 534 555 603 Lruurt
583 516 788 606 paruus.
866 526 943 629 189n

258 649 412 727 luptatum.
440 646 561 708 Credo:
576 669 682 729 nempe
701 650 736 709 ad
752 671 856 730 corpus
874 672 943 733 per·

257 731 441 787 tinentium:
474 729 580 787 nullam
607 733 683 788 enim
712 729 859 804 novistis,
888 734 943 790 nisi

259 805 420 887 profellam
441 829 459 865 a
480 827 604 887 corpore
625 853 634 880 ‚
659 811 692 868 ὃ(
713 811 881 869 redeuntem
903 809 941 869 ad

260 906 386 967 corpus,
406 889 492 946 animi
511 887 704 967 voluptatem.
726 889 797 949 Non
817 890 940 950 arbitror

259 981 310 1039 te,
327 965 444 1040 Vellei,
461 967 583 1027 similem
601 966 657 1027 elle
670 968 878 1048 Epicureorum
896 989 942 1030 re·

259 1045 433 1126 liquorum3
460 1066 533 1127 quos
560 1047 680 1125 pudeat,
696 1068 793 1109 earum
825 1044 942 1128 Epiiuri

259 1144 370 1184 vocum
381 1167 405 1196 ‚.
429 1124 511 1183 uibus
527 1125 575 1185 ille
594 1124 710 1185 testatur
720 1134 740 1202 ,ἱ
752 1127 781 1189 se
797 1134 838 1187 ne*
855 1128 942 1187 intel-

259 1203 354 1284 ligere
367 1143 484 1282 quidem
498 1204 587 1262 ullum
600 1205 732 1281 bonum,
753 1206 832 1288 quod
849 1209 883 1265 sit
897 1205 942 1268 se·

257 1280 392 1360 jundium
413 1303 430 1340 a
450 1281 578 1341 delicatis
588 1285 624 1342 '&
645 1284 786 1345 obscoenis
805 1286 950 1366 volupta-'

260 1363 338 1421 tibus
351 1380 360 1432 ;
373 1380 442 1440 quas
456 1363 592 1441 quidem,
606 1383 665 1422 non
680 1363 865 1438 erubescens,
879 1385 945 1444 per·

260 1441 387 1521 sequitur
404 1461 507 1500 omnes
528 1446 709 1501 nominatim.
945 1442 950 1452 ’
1023 1508 1025 1512 ,

274 1528 279 1533 '
308 1538 373 1579 112.
393 1517 495 1599 Quem
509 1521 604 1580 cibum
623 1524 727 1602 igitur,
743 1538 791 1581 aut
807 1543 876 1602 quas
889 1544 944 1602 po·

261 1602 378 1671 tiones,
398 1619 447 1659 aut
459 1622 529 1680 quas
545 1621 652 1660 vocum
672 1622 721 1662 aut
735 1602 866 1661 colorum
888 1624 943 1662 va·

261 1681 379 1739 rietates
401 1722 412 1749 ‚
433 1695 481 1739 aut
502 1701 576 1760 quos
598 1680 687 1740 tatius
701 1690 714 1754 '‚
741 1701 814 1761 quos
834 1681 948 1743 odores·

262 1758 412 1818 adhibebis
433 1760 471 1820 ad
484 1760 554 1819 deos
572 1805 580 1831 ‚
597 1780 628 1818 ur
648 1781 700 1819 eos
718 1760 873 1838 perfundas
884 1782 945 1820 vo·

240 1838 450 1918 ¹luptatibus?
486 1839 528 1897 At
553 1843 648 1916 poetae
673 1838 790 1919 quidem
816 1838 945 1911 uedlar,

263 1916 469 1990 ambrosiam,
495 1917 594 1996 epulas
616 1934 812 1997 comparant,
837 1919 869 1976 ὅ(
894 1922 949 1976 aut'

262 1996 473 2068 Iuventatem,
491 2014 539 2055 aut
557 1993 766 2075 Ganymedem
778 1998 883 2076 pocula
894 2000 947 2056 mi·

262 2074 443 2135 nistrantem.
470 2074 518 2134 Tu
543 2092 669 2148 autem,
700 2075 847 2154 Epicure,
897 2076 946 2136 uid

263 2151 374 2216 facies?
395 2156 581 2236 nequeenim
598 2154 676 2214 unde
694 2156 797 2221 habeat
813 2097 944 2217 illudens

264 2252 330 2294 tuus
349 2234 437 2294 video
450 2255 460 2306 ;
475 2255 529 2295 nec
547 2255 605 2315 quo
618 2235 709 2294 modo
723 2253 826 2294 utatur.
847 2236 949 2296 Locu·'

266 2314 373 2395 pletior
395 2315 479 2395 igitur
501 2314 650 2375 hominurn
677 2333 775 2375 natura
800 2314 837 2373 ad
861 2317 946 2378 beate

266 2393 427 2452 vivendum
445 2392 506 2468 est,
525 2392 610 2473 quaim
627 2394 766 2466 deorum,
784 2395 863 2473 quod
882 2397 946 2476 plu·

266 2471 345 2532 ribus
364 2472 515 2553 generibus
535 2473 635 2532 fruirur
652 2474 845 2554 voluptatum.

314 2569 380 2629 113.
402 2550 444 2609 Ar
457 2553 507 2611 has
523 2553 650 2612 leviores
667 2552 746 2611 ducis
763 2552 946 2632 voluptates,

268 2631 372 2712 quibus
388 2635 468 2711 quasi
486 2631 608 2690 titillatio
629 2629 770 2711 (JEpicuri
790 2633 866 2692 enim
888 2634 946 2696 hoc

268 2709 393 2789 uerbum
412 2706 478 2792 est)
496 2710 622 2771 sensibus
640 2710 802 2772 adhibetur.
825 2710 949 2790 Quous-

269 2787 327 2870 que
344 2787 442 2848 ludis?
462 2811 528 2851 nam
549 2789 631 2848 Philo
650 2792 737 2858 etiam
755 2789 850 2851 noster
871 2790 948 2849 ferre

269 2888 332 2928 non
350 2884 482 2948 poterat,
502 2869 643 2951 aspernari
661 2867 821 2950 Epicureos
844 2867 950 2930 molles'

270 2947 302 3010 δι
319 2946 454 3009 delicatas
472 2951 653 3030 voluptates:
669 2947 778 3011 summa
793 2949 870 3009 enim
888 2963 952 3012 me:
