2709 4017
405 501 817 572 trasimirus.
881 510 954 596 313

274 617 429 697 scripsisse.
440 607 559 677 Tertius
570 614 610 676 est
625 636 661 676 ex
673 615 754 676 ldaeis
770 613 895 711 Digitis3
913 617 959 676 cni

274 696 391 757 inferias
412 693 542 756 afferunt.
558 696 687 776 Quartus
704 694 744 757 est
760 695 841 756 Jovrs
858 697 890 756 δι
903 695 961 755 As·

272 773 376 849 terite,
390 775 509 835 Latonae
529 775 654 849 sororis,
673 778 721 857 qui
739 774 815 854 Tyri
834 776 960 836 maxime

277 856 405 928 colitur3
424 854 503 925 cuius
524 853 731 937 Carthaginem
748 853 835 915 filiam
856 854 966 916 ferunt(

278 934 409 1014 Quintus
426 937 455 994 in
469 934 571 1008 India,
590 938 638 1015 qui
655 933 739 994 Belus
756 934 868 994 dicitur.
887 934 962 995 Sex·

277 1031 324 1074 tus
348 1015 393 1073 hic
413 1033 449 1074 eu
473 1013 653 1084 Alcumena,
675 1033 763 1095 quem
780 1014 890 1095 Jupiter
911 1034 963 1096 ge-

279 1095 358 1165 nuit,
368 1093 417 1154 sed
427 1096 527 1154 tertius
538 1092 668 1173 Jupiter;
684 1096 842 1174 quoniam,
856 1111 888 1152 ut
901 1091 961 1171 jam

282 1173 418 1245 docebo,
432 1173 528 1254 plures
540 1171 630 1233 loves
645 1175 731 1231 etiam
746 1176 920 1310 accepimus.

321 1251 421 1312 XVll.
442 1252 573 1332 Quando
597 1253 674 1312 enim
696 1271 743 1310 me
763 1255 793 1311 in
836 1272 891 1311 unc
916 1253 963 1312 lo-

283 1353 350 1391 cum
367 1332 485 1392 deduxit
497 1334 612 1405 oratio,
627 1330 764 1400 docebo,
779 1333 899 1391 meliora
912 1352 962 1393 me

283 1410 409 1472 didicille
420 1412 457 1472 de
468 1411 597 1473 colendis
616 1411 668 1469 diis
683 1411 892 1470 immortalibus
901 1408 966 1487 jure

283 1489 455 1574 pontificio,
475 1489 507 1552 δι
522 1489 665 1567 majorum
688 1510 788 1561 more,
812 1490 964 1571 capedun-

283 1570 357 1631 culis
374 1572 430 1645 iis‚
446 1590 515 1652 quas
533 1570 630 1630 Numa
652 1572 736 1632 nobis
762 1570 873 1651 reliquit
891 1614 901 1643 ,
924 1569 965 1631 de.

326 1651 389 1710 ibus
415 1652 445 1710 in
469 1651 518 1710 illa
544 1650 661 1710 aureola
688 1651 865 1711 oratiuncula
896 1649 980 1710 dicit·

284 1671 389 1793 ddlaelius
407 1729 524 1810 ,quim
548 1730 706 1790 rationibus
731 1728 908 1789 Stoicorum.
935 1729 968 1789 st

285 1811 367 1871 enim
388 1829 443 1868 vos
466 1809 583 1890 sequar,
609 1810 674 1882 dic,
703 1808 771 1889 quid
796 1807 895 1869 eires
911 1828 968 1868 on-

286 1890 397 1961 deam,
416 1889 466 1970 qui
487 1908 539 1948 me
566 1890 606 1947 sic
633 1903 739 1968 roget:
767 1887 796 1947 si
819 1886 859 1946 dii
892 1904 968 1963 unt,

286 1969 390 2033 suntne
407 1971 496 2030 etiam
511 1967 540 2028 N
565 1967 658 2048 mphae
674 1965 757 2026 deae?
773 1969 796 2026 si
805 1965 970 2048 Nymphae,

254 2064 259 2072 '
288 2047 397 2126 Panisci
420 2050 507 2108 etiam
577 2047 674 2123 Satyri
694 2045 705 2106 i
731 2045 771 2104 l·li
793 2062 889 2107 autem
908 2067 969 2106 non

288 2128 352 2190 sunt
364 2149 371 2187 :
383 2148 432 2187 ¹ne
443 2126 591 2208 Nymphae
604 2125 722 2207 quidem
738 2126 799 2185 deae
811 2129 906 2207 igitur.
927 2127 969 2187 At

285 2228 394 2350 dlddtma.
404 2206 972 2369 tildldldtddinduldddlchrvgbtadli&qlli-

286 2389 355 2429 rum
380 2367 491 2447 templa
511 2366 575 2426 sunt
602 2367 744 2427 dedicata.
769 2367 837 2449 Age
860 2369 974 2449 porrb,

280 2449 326 2511 .&
347 2447 456 2508 Jovent
482 2447 514 2506 δι
536 2445 705 2526 Neptunum
726 2447 799 2506 deos
818 2458 972 2507 numeras?

287 2543 471 2686 illidii}
485 2525 582 2666 litt
593 2524 973 2686 ahlltltmmltlss:

287 2687 452 2758 Acheron,
471 2683 625 2764 Cocytus,
643 2684 718 2763 Styx
738 2730 747 2758 ‚
773 2685 972 2766 Phlegethon:

292 2785 356 2826 tum
369 2763 488 2825 Charon
501 2808 511 2836 ,
531 2780 593 2823 tum
606 2763 774 2838 Cerberus,
794 2765 832 2823 dii
845 2761 976 2845 putandi.

287 2845 338 2906 ‚At
362 2843 394 2903 id
412 2843 531 2925 quidem
553 2843 788 2923 repudiandum:
817 2864 854 2904 ne
877 2841 973 2902 Orcus
1014 2906 1017 2911 ⁴

293 2924 415 3062 qtppdenp
430 2925 525 3004 igitur.
545 2922 630 3002 Quid
650 2923 740 2984 dicitis
759 2943 830 3005 ergo
851 2923 888 2983 de
916 2921 977 2982 fra-

294 3022 323 3065 tr
355 3023 410 3062 us.

338 3087 441 3145 Tomus
459 3080 524 3143 IX.
846 3079 877 3142 Ο
