2709 4017
223 486 225 490 ’
308 455 361 530 60
433 447 863 524 AcAuumcou-um

306 570 404 655 potest
422 570 473 630 tibi
492 567 525 629 P.
541 568 708 641 Geminus,
724 569 851 649 Quintus
874 569 995 648 videtu

277 658 284 671 ¹
330 653 378 711 uid
394 650 483 711 habes
498 651 657 732 explorati,
677 671 727 709 cur
749 673 808 710 non
828 655 920 732 possit
938 654 994 714 tibi

301 672 402 793 zotta
413 732 523 805 videri,
538 734 587 812 qui
598 734 703 790 nonsit
714 774 723 803 ‚
733 733 872 810 quoniam
883 734 994 814 aliquid

305 810 509 885 videturesse,
527 811 607 891 quod
625 832 686 870 non
704 809 766 870 est?

350 892 399 973 85.
419 888 530 951 Omnia
548 893 618 951 dicis
633 890 673 951 sui
695 893 807 972 generis
826 891 901 964 effe3
921 892 994 953 nihil

306 972 365 1036 effe
383 973 482 1045 idem,
504 972 585 1052 quod
601 975 636 1031 sit
655 973 741 1031 aliud.
759 970 889 1032 Stoicum
902 972 932 1031 id
950 973 994 1034 est

252 1113 258 1122 ,
302 1054 444 1137 quidem,
462 1072 520 1113 nec*
534 1052 693 1112 admodum
707 1052 862 1124 credibile,
880 1053 994 1114 nullum

303 1133 365 1196 effe
387 1135 477 1215 pilum
500 1135 634 1194 omnibus
656 1133 742 1192 rebus
764 1133 876 1206 talem,
900 1135 994 1214 qualis

300 1218 344 1276 sit
360 1217 434 1296 pilus
453 1215 547 1288 alius,
567 1215 677 1274 nullum
694 1234 825 1294 granum.
849 1213 922 1272 Haec
941 1234 994 1274 re·

305 1294 371 1357 felli
391 1294 532 1378 poffunt3
553 1294 604 1356 sed
626 1314 761 1375 pugnare·
778 1294 874 1353 uolo:
900 1293 937 1352 ad
959 1295 993 1355 iel

307 1379 407 1451 enim,
425 1376 505 1459 quod
521 1378 632 1458 agitur,
651 1376 727 1434 nihil·
739 1372 872 1446 interest,
892 1377 994 1434 omni·-

305 1456 397 1518 hasne
416 1457 543 1536 partibus
565 1455 625 1517 visa
641 1474 687 1514 res
707 1456 776 1514 nihil
795 1451 930 1526 differat,
952 1475 993 1514 an

304 1536 461 1596 internosci
484 1557 543 1594 non
568 1536 688 1613 possit,
709 1538 797 1594 etiam
821 1536 843 1592 si
867 1531 993 1596 differat.

298 1613 383 1689 Sed,
396 1617 419 1674 si
431 1613 582 1674 hominum
594 1613 749 1674 similitudo
762 1630 841 1673 tanta
852 1613 908 1674 effe
929 1635 993 1674 non

298 1742 300 1747 .
328 1695 421 1767 otest,
440 1714 477 1755 ne
495 1697 643 1835 signorum
662 1694 801 1775 quidem?
820 1692 878 1754 Dic
899 1695 990 1769 mihi,

304 1716 455 1857 Kysippus
478 1796 515 1836 eo
539 1797 586 1836 em
607 1794 690 1850 aere,
712 1776 817 1836 eudem
841 1791 993 1856 tempera·

295 1858 411 1929 sione,
431 1857 540 1918 eodem
555 1856 647 1930 caelo,
670 1856 744 1938 aqui
755 1901 765 1932 ,
777 1858 879 1917 ceteris
894 1858 993 1915 omni·

305 1937 388 2011 bus,
413 1954 529 1999 centum
550 1932 733 1998 Alexandros
755 1935 884 2016 ejusdem
909 1936 992 1996 modi

295 2015 402 2078 -facere
416 2039 479 2077 nun
487 2016 609 2173 &offen
629 2018 785 2104 qui-igitur
796 2019 914 2076 notione
934 2016 993 2090 dis·

305 2096 467 2158 cerneres?
523 2095 570 2154 uid
589 2098 655 2154 siin
673 2094 803 2170 ejusdem
821 2095 904 2154 modi
923 2114 992 2156 cera

299 2192 423 2240 centum
439 2176 529 2268 sigilla
545 2176 602 2254 huc
618 2174 725 2233 annulo
740 2176 749 2231 i
803 2172 927 2232 reffero?
942 2193 991 2233 eu.

304 2275 363 2336 qua
381 2257 534 2331 potentin
552 2251 736 2333 agnoscendo
751 2193 810 2312 ⁴32
828 2249 988 2316 distinam?
1052 2256 1056 2261 ’

291 2355 343 2394 -εη
361 2334 411 2390 tibi
429 2335 483 2392 erit
500 2331 669 2412 quaerendus
688 2333 855 2391 annularius
869 2332 989 2413 aliquis»,

289 2446 292 2456 ·
327 2414 444 2473 uoniam
460 2413 637 2495 gallinarium
659 2412 811 2488 invenisti,
832 2411 989 2476 Deliacum

288 2524 296 2534 -
336 2513 384 2552 um
395 2536 405 2565 ,
418 2495 468 2632 {lui
480 2516 539 2555 ova
552 2491 762 2576 cognosceret?

290 2592 294 2624 ι
347 2570 413 2632 XX
455 2572 501 2635 ΙΙ.
525 2573 584 2636 Sed
607 2574 725 2635 adhibes
742 2591 834 2636 artem
859 2576 988 2637 advoca-

304 2669 364 2714 tam
391 2655 478 2714 etiam
497 2655 651 2716 sensibus:
676 2655 769 2737 pistor
792 2657 901 2728 videt,
924 2678 988 2737 quae

285 2755 361 2796 mos
377 2736 602 2807 nonvidemus3
627 2736 680 2809 &‚
697 2737 781 2797 simul
797 2739 908 2799 inflavit
925 2743 988 2803 tibi-

283 2835 383 2888 Ιιειι,
405 2818 532 2894 aperito
551 2834 667 2874 carmen
690 2817 858 2897 agnoscitur.
880 2817 985 2898 Quid&>

282 2941 285 2947 .
302 2895 361 2955 hoc
377 2915 475 2955 nonne
491 2895 607 2956 videtur
622 2911 723 2955 comta
737 2896 899 2971 te2valere,
916 2904 939 2960 si
950 2905 987 2962 si·

281 2977 470 3060 ‘ue-'mugnis
487 2973 638 3053 artificiis,
657 2975 696 3040 ad
715 2996 778 3060 quae
794 2981 878 3061 pauci
897 3003 983 3053 aecer
