2709 4017
400 448 478 520 204
513 433 577 498 Da
601 445 773 498 aarum
799 448 1006 516 nunaunt,

399 545 471 607 deos
484 541 561 603 effe?
572 541 712 622 Quorum
727 545 804 603 enim
818 545 876 604 inte
913 563 990 607 retes
999 546 1083 620 sunt,'

398 644 451 684 eos
471 623 547 703 ipsos
567 622 623 683 effe
644 623 722 683 certe
738 623 849 685 necesse
872 634 899 685 et
921 646 929 684 t
958 627 1081 687 deorum

397 720 496 763 autem
517 706 688 783 interpretes
712 703 794 763 sunt:
822 706 894 765 deos
916 706 1002 785 igitur
1025 706 1082 768 effe

396 782 549 842 fateamur.
564 783 604 841 At
616 781 731 843 fortaffe
745 805 803 844 non
816 786 913 843 omnia
927 789 1083 861 eveniunt,

398 882 463 942 quae
482 863 614 942 praediiia
633 862 705 921 sunt.
726 863 772 923 Ne
793 867 860 945 aegri
879 865 997 944 quidem
1016 870 1083 948 quia

397 963 460 1002 non
474 963 576 1002 ornnes
587 941 931 1018 convalescunt,idcirco
948 967 994 1004 ars
1006 948 1084 1006 nulla

398 1022 543 1083 medicina
555 1021 606 1083 est.
626 1021 713 1102 Signa
730 1022 915 1083 ostenduntur
933 1046 950 1084 a
968 1024 1023 1084 diis
1034 1047 1084 1087 re·

398 1123 463 1163 rum
482 1103 650 1163 futurarum.
668 1102 703 1161 In
723 1104 765 1163 his
786 1102 808 1161 'si
829 1106 877 1184 qui
893 1123 1082 1180 erraverunt,

399 1204 462 1245 nou
475 1184 598 1244 deorum
608 1202 726 1255 natura,
739 1183 788 1243 sed
800 1185 951 1243 hominum
964 1184 1083 1265 conjec-

399 1281 463 1324 tura
475 1267 618 1344 peccavit.
635 1262 678 1323 Ita
699 1283 736 1323 ue
748 1266 822 1323 inter
835 1283 938 1323 omnes
951 1269 1082 1326 omnium

402 1345 533 1426 gentium
551 1343 661 1404 constat
681 1285 839 1424 gemnibus
859 1347 937 1403 enim
952 1347 1083 1406 innatum

402 1424 464 1498 est,
485 1426 518 1485 δι
538 1427 568 1484 in
589 1426 687 1484 animo
711 1424 790 1504 quasi
807 1422 1002 1506 insculptum)
1024 1425 1082 1487 effe

401 1507 485 1564 deos.
687 1509 689 1513 ’
1082 1572 1085 1577 ,

444 1584 486 1642 V.
506 1582 618 1659 Quales
627 1585 701 1657 sint,
715 1584 827 1642 varium
840 1581 902 1655 est3
917 1583 973 1644 effe
993 1603 1083 1645 nemo

401 1678 497 1744 negat.
519 1661 677 1722 Cleanthes
701 1663 818 1743 quidem
842 1664 939 1723 noster
960 1683 1084 1744 quatuor

403 1742 441 1802 de
460 1745 549 1802 causis
569 1742 639 1802 dixit
651 1745 681 1802 in
700 1745 800 1802 animis
817 1744 966 1803 hominum
988 1743 1084 1804 infor-

401 1840 495 1882 matas
511 1823 632 1884 deorum
647 1821 703 1884 ess'e
716 1827 863 1883 notiones.
881 1823 1006 1883 Primam
1026 1846 1085 1904 po-

403 1903 457 1963 suit
474 1923 561 1978 eam,
589 1904 626 1964 de
648 1926 704 1985 qua
723 1905 815 1964 modb
837 1904 918 1976 dixi,
939 1925 1003 1983 quae
1021 1921 1085 1966 orta

405 1981 476 2043 effet
503 2004 539 2044 ex
566 1985 755 2064 praesensione
784 2004 878 2044 rerum
902 1983 1084 2045 futurarumt

403 2064 544 2136 alteram,
560 2085 645 2144 quam
658 2066 818 2142 ceperimus
836 2084 872 2121 ex
885 2065 1086 2141 magnitudine

405 2144 649 2215 commodorum,
661 2163 723 2221 quae
732 2143 924 2220 percipiuntur
934 2143 999 2200 coeli
1010 2161 1087 2205 tem·

404 2224 572 2300 peratione‚
585 2221 761 2280 fecunditate
778 2238 935 2290 terrarum,
951 2221 1088 2286 aliarum·

403 2320 461 2381 que
477 2299 717 2358 commoditatum
730 2299 919 2378 complurium
937 2305 1035 2380 copiti.

448 2376 645 2451 14..Tertiam
658 2422 667 2452 ,
680 2400 743 2458 quae
758 2396 877 2438 terreret
894 2382 1007 2439 animos
1024 2382 1087 2443 ful-

402 2458 527 2520 minibus
538 2457 795 2539 ‚·tempestatibus,
810 2461 932 2533 nimbis,
951 2462 1085 2539 nivibus,

405 2538 610 2620 grandinibus,
627 2538 780 2612 vastitate,
802 2538 979 2619 pestilentiis,
1000 2559 1085 2605 terrae

404 2618 552 2692 motibus,
570 2618 694 2700 &saepe
713 2620 892 2693 fremitibus,
908 2621 1085 2702 lapideisque

403 2698 562 2771 imbribus,
581 2700 613 2757 ἃ
635 2703 722 2780 guttis
742 2701 875 2759 imbrium
892 2703 971 2778 quasi
983 2721 1086 2762 cruen-

405 2783 459 2838 tis:
478 2797 540 2838 tum
555 2779 684 2853 labibus,
703 2798 751 2840 aut
770 2783 925 2861 repentinis
944 2796 1085 2842 terrarum

398 2859 546 2920 -biatibust
565 2875 643 2932 tum,
657 2878 759 2939 praeter
770 2880 916 2931 naturam,
932 2858 1085 2923 hominum

407 2939 606 3027 pecudumque
623 2944 786 3022 portentis:
813 2959 873 3005 tum
890 2940 998 3002 facibus
1015 2944 1084 3005 visis
