2709 4017
413 502 487 597 336
524 498 588 566 Dr
612 512 782 567 mm
806 512 1026 585 nrontrrr,

408 616 488 675 dere.
507 610 804 693 Duodequadraginta
813 606 991 690 Dionysius
1000 629 1094 706 tyran·

408 714 462 754 nus
477 714 568 754 annos
584 692 638 752 fuit
649 691 898 772 opulentissima,
919 690 956 751 &
966 693 1095 753 beatissi-

410 794 466 833 nrae
479 775 611 833 civitatis.

451 852 501 912 82.
522 853 622 931 Quint
647 849 755 910 multos
783 864 852 908 ante
876 848 960 909 hunc
987 848 1095 931 inipso

409 930 533 992 Graeciae
547 934 620 992 flore
635 927 815 989 Pisistratus?
835 928 879 986 At
901 927 1053 1001 Phalaris,
1072 946 1096 987 at

411 1011 611 1091 Apollodorus
626 1031 728 1090 poenas
737 1005 852 1067 sustulit.
866 1006 977 1067 Multis
984 1010 1097 1089 quidem

410 1092 478 1150 ante
506 1093 636 1151 cruciatis
665 1091 697 1148 &
722 1088 840 1147 necatis.
875 1085 917 1148 Et
944 1090 1097 1168 praedonet

411 1171 495 1230 multi
507 1171 582 1252 saepe
600 1190 701 1250 poenas
716 1169 807 1238 dant,
824 1184 880 1225 nec
905 1184 1014 1229 tamen
1035 1167 1098 1249 pos·

412 1249 506 1310 sumus
518 1253 631 1322 dicere,
644 1270 703 1308 non
716 1249 809 1327 plures
818 1248 957 1325 captivos
975 1248 1099 1321 acerbe,

412 1331 498 1412 quim
508 1331 658 1413 predones
672 1344 801 1388 necatos.
810 1325 1027 1389 Anaxarchum
1038 1327 1098 1389 Dc·

306 1432 308 1437 ·
408 1415 584 1471 mocriteunr
603 1407 748 1488 aCyprio
766 1423 893 1486 tyranno
910 1406 1099 1469 excarnifica-

413 1507 681 1627 3335‘322233}
697 1483 1100 1646 ditssi‘rffimssii‘szzit'}

414 1645 495 1723 cujus
522 1650 608 1707 morti
631 1648 802 1726 illacrymari
820 1643 926 1718 soleo,
947 1645 1100 1707 Platonem

414 1727 525 1806 legens.
542 1724 672 1786 Videsne
690 1728 802 1806 igitur,
821 1723 949 1784 deorum
973 1724 1099 1804 judicio,

413 1809 438 1865 si
456 1805 557 1867 vident
572 1825 619 1866 res
632 1807 792 1877 humanas,
815 1801 972 1867 discrimen
989 1804 1101 1868 effesa-

415 1885 549 1946 blatum?

456 1965 599 2026 XXXIV.
619 1964 682 2025 Dio
704 1985 773 2026 enes
798 1962 919 2045 quidem
943 1962 1098 2047 Cynicus,

415 2046 513 2108 dicere
534 2047 662 2119 solebat,
682 1986 860 2126 harpalum,
885 2046 938 2125 qui
955 2049 1101 2129 tempori·

416 2127 469 2185 bus
494 2129 546 2185 illis
574 2127 673 2207 praedo
699 2125 767 2185 felix
789 2124 981 2201 habebatur,
1003 2144 1101 2187 contra

416 2205 489 2264 deos
501 2205 696 2264 testimonium
714 2206 827 2275 dicere,
845 2204 927 2283 qubd
941 2207 972 2265 in
985 2207 1036 2267 illa
1045 2206 1104 2266 for·

416 2300 485 2341 tuna
501 2285 620 2341 tamdiu
640 2288 766 2344 viveret.
784 2282 866 2343 Dion
891 2286 969 2359 sius,
990 2286 1030 2349 de
1044 2306 1101 2367 quo

416 2362 482 2419 ante
497 2362 573 2431 dixi,
592 2383 680 2441 quum
694 2364 792 2423 fanutn
804 2361 857 2422 Pro
871 2366 983 2443 erpinae
1003 2366 1101 2427 Locris

417 2439 615 2520 expilaviffet‚
635 2445 790 2524 navigabat
812 2441 969 2522 Syracusas
989 2466 1000 2519 ;
1025 2446 1101 2528 isque

416 2541 505 2599 quum
521 2520 725 2583 secundissimo
736 2540 828 2583 vento
840 2522 954 2583 cursum
969 2542 1100 2598 teneret,

416 2600 513 2660 ridens
532 2647 542 2674 ,
566 2603 724 2681 Videtisne,
743 2605 861 2683 inquit,
888 2606 1000 2680 amici,
1040 2607 1101 2667 ud*

418 2680 490 2739 bona
517 2704 535 2738 a
554 2685 609 2740 diis
629 2684 825 2742 immortalibus
848 2685 998 2765 navigatio
1009 2628 1101 2765 lucri·

418 2761 486 2840 legis
505 2763 582 2818 detur
600 2766 615 2822 ,ἕ
633 2762 733 2840 Atque
756 2763 846 2821 homo
866 2780 991 2839 acutus,
1014 2784 1100 2847 quum

418 2841 495 2899 bene
510 2839 651 2918 planeque
668 2840 855 2921 percepiffet,
872 2844 904 2900 in
916 2844 1025 2905 eadem
1041 2846 1101 2906 sen·

419 2922 508 2977 tentia
547 2917 744 2978 erseverabat:
767 2924 835 3002 qui,
856 2942 947 3002 quum
967 2927 1008 2985 ad
1021 2922 1101 2986 Pelo·

418 2940 578 3076 ponnedim
589 2995 702 3058 claffem
720 2998 890 3083 appulisset,
913 3003 947 3064 δι
962 3004 1100 3065 insanum

985 3082 1103 3150 renitet
