2709 4017
419 454 577 522 Ltaan
607 463 836 522 Tanatus,
878 463 964 549 '301
999 498 1003 506 -

284 565 390 638 detur,
404 567 465 625 noli
482 587 567 648 agere
582 566 718 627 confuse:
736 584 764 626 at
774 566 832 626 hoc
842 568 975 648 explico-⁴

283 669 351 710 mus
371 648 424 706 hac
438 646 649 726 disputatione,
689 648 748 707 uod
759 651 901 728 quantus.
950 672 955 681 ’

328 745 378 788 20.
399 723 542 806 Optime,
562 731 654 809 inquit
662 669 762 787 gotta.
779 726 880 810 Itaque
889 748 971 808 quo·

274 809 363 868 niam
377 828 501 887 quatuor
516 811 545 868 in
562 829 658 888 partes
670 825 766 868 totam
780 808 973 888 quaestionem

283 886 425 959 divisisti,
447 888 486 948 de
502 892 651 969 primaque
670 890 816 960 diximus,
837 889 971 948 conside·

283 989 382 1030 remus
400 965 575 1040 secundant3
604 991 667 1048 quae
683 969 753 1028 mihi
773 970 835 1027 talis
854 969 974 1029 videtur

283 1047 386 1121 fuiffe',
403 1064 455 1121 ut,
475 1069 563 1128 quum
579 1050 732 1110 ostendere
748 1049 856 1121 velles,
871 1049 973 1130 quales
1053 1045 1056 1049 ’

285 1127 451 1201 diessen,
470 1127 637 1190 ostenderes
655 1129 750 1188 nullos
768 1127 841 1189 effe:
859 1151 875 1188 a
897 1133 977 1188 con-i

274 1207 434 1269 *suetudine
456 1213 535 1268 enim
557 1212 708 1270 oculorum
728 1213 856 1270 animum
876 1209 975 1286 abdue

284 1309 354 1349 cere
383 1286 579 1349 difficillimum
606 1291 722 1350 dicebas
744 1310 753 1360 3
782 1289 831 1349 sed
845 1333 855 1360 ‚
869 1309 970 1369 quum

284 1369 346 1430 deo
359 1369 427 1428 nihil
442 1368 615 1449 praestantius
624 1369 715 1443 edet,
728 1390 787 1428 non
803 1369 976 1442 dubitabam,-

284 1452 356 1530 quin
382 1450 503 1509 mundus
528 1448 598 1510 effet
619 1451 693 1510 ‘deus
712 1450 825 1529 equod
852 1450 974 1509 nibinin

284 1548 383 1590 retum
400 1548 501 1590 natura
521 1532 624 1591 melius
638 1531 711 1591 'esset
721 1550 732 1603 ;
758 1530 850 1590 modi)
871 1527 974 1610 poffe-

284 1631 350 1671 mus
360 1631 427 1670 eum
438 1614 614 1672 animantem
626 1615 773 1694 cogitare,
789 1611 840 1671 vel
853 1612 974 1691 potius,

283 1709 320 1751 ut
336 1707 432 1752 cetera
450 1692 560 1767 oculis,
589 1696 629 1752 sic
647 1695 745 1752 animo
764 1693 822 1751 hoc
841 1709 975 1752 cernere.

284 1770 348 1832 Sed
374 1793 463 1852 quum
487 1773 597 1833 mundo
621 1793 709 1855 negas
735 1773 892 1852 quidquam
912 1769 974 1831 effe..

280 1852 412 1924 melius,
431 1852 499 1932 quid
515 1852 589 1912 dicis>
604 1851 730 1912 melius?
752 1854 776 1910 si
797 1851 940 1930 pulchrius
959 1896 974 1924 ,

285 1931 445 1993 affeutior:
471 1935 494 1991 si
514 1936 607 2014 aptius
627 1933 664 1992 ad
687 1931 821 1990 utilitates
842 1928 975 2004 nostras,

284 2012 318 2073 id
339 2029 397 2092 quo
419 2033 456 2073 ue
477 2012 632 2074 affentior:
656 2015 700 2071 sin
718 2011 860 2071 autemid
880 2011 978 2084 dicis,

285 2091 358 2153 nihil
377 2035 432 2154 eide
454 2094 565 2154 mundo
588 2094 764 2174 sapientius3
783 2091 979 2151 nullomodo·

284 2171 401 2255 prorsus
424 2171 586 2247 affentior;
612 2195 672 2234 non
696 2172 776 2253 quod
800 2169 914 2233 difficile
937 2174 978 2232 sib

284 2271 418 2315 mentem
432 2255 468 2314 ab
486 2257 575 2315 oculis
593 2251 752 2314 sevocare:
768 2251 818 2312 sed
834 2254 894 2334 qui>
911 2273 976 2313 ma·

286 2337 331 2417 gis
356 2332 488 2410 sevoco,
508 2335 545 2395 ed
563 2336 657 2395 minus
675 2335 726 2408 id,
748 2333 829 2414 quod
849 2351 881 2395 tu
903 2336 948 2395 vis
958 2366 979 2407 ,-

284 2411 401 2496 poffum
412 2414 518 2476 vmente
533 2414 797 2496 comprehendere.
847 2444 848 2448 ¹

327 2491 381 2555 IX.
402 2494 483 2556 Nihil
508 2495 548 2556 est
568 2496 679 2555 mundo
693 2494 803 2554 ⁸meiius
824 2493 856 2552 in
874 2513 975 2554 retum

284 2589 398 2636 natura.
411 2574 459 2636 Ne
480 2577 511 2634 in
528 2579 610 2636 tetris
631 2573 751 2656 quidem
767 2573 839 2633 urbe
858 2573 977 2634 nostrat

285 2675 359 2716 num
376 2657 461 2738 igitur
472 2657 579 2716 idcirco
596 2659 624 2714 in
639 2655 711 2715 urbe
731 2651 786 2714 effe
805 2652 973 2724 rationem,¹

285 2738 517 2817 cogitationem,
538 2752 667 2796 mentem
684 2733 789 2815 putas'?
810 2751 875 2806 aut,
896 2755 972 2814 quo·

285 2817 365 2877 niam
381 2838 442 2877 non
461 2820 519 2891 sit,
540 2839 609 2877 num
622 2815 732 2876 idcirco
751 2813 893 2875 existimas
908 2811 974 2873 fot·

285 2896 392 2957 micam
411 2899 647 2978 anteponendam
666 2895 723 2957 effe
736 2895 802 2955 huic
814 2893 975 2973 pulcherri-

284 2996 343 3038 mae
361 2977 448 3053 urbi,
462 2979 544 3060 quod
561 2983 590 3040 in
607 2978 679 3040 urbe
697 2973 791 3051 sensus
805 2975 844 3033 ait
860 2972 977 3050 nullus,¹
