2709 4017
314 505 392 582 324
430 486 496 553 Du
519 498 692 553 uarum
717 499 927 567 uruntur,

316 601 416 660 itidem
432 596 522 659 afilio
535 597 698 658 Saturnum.
721 594 813 670 Haec,
832 597 867 656 δι
883 598 939 657 alia
950 608 1000 681 gei

317 682 392 740 neris
416 677 545 756 ejusdem
566 681 606 736 ita
628 675 811 748 defenditis,
833 694 866 738 ut
887 680 932 750 ii,
973 680 1001 739 ui

317 758 368 818 ista
383 755 547 829 finxerunt,
566 777 625 815 non
640 755 732 815 modi>
748 775 809 815 non
828 757 918 817 insani
929 802 941 831 ,
952 700 1002 819 ded

319 840 406 897 etiarn
426 837 506 898 fuisse
523 837 663 917 sapientes
682 835 845 895 videantur.
870 834 906 897 In
926 858 1002 898 eno-

319 916 419 975 dandis
434 936 531 978 autem
549 916 739 988 nominibus,
756 913 837 995 quud
863 914 1004 977 miserau-

320 996 389 1055 dum
403 998 459 1069 sit,
474 996 620 1055 laboratis.
638 995 793 1068 Saturnus,
806 996 875 1074 quia
889 995 919 1056 se
932 995 1005 1061 satu·

321 1095 365 1136 rat
385 1079 486 1148 annis;
505 1074 653 1147 Mavors,
676 1076 742 1154 quia
765 1094 871 1154 magna
893 1079 1003 1149 vertit3

321 1155 477 1229 Minerva,
495 1158 562 1235 quia
577 1156 697 1226 minuit,
711 1170 761 1212 aut
778 1157 844 1233 quia
861 1156 1007 1229 minatur;

321 1232 451 1308 Venus,
473 1239 539 1314 quia
559 1236 639 1293 venit
662 1234 699 1291 ad
723 1236 821 1291 omnia
838 1252 848 1304 ;
871 1230 968 1296 Ceres
988 1258 1007 1297 a

320 1315 462 1409 gerendo.
485 1314 585 1392 Quim
611 1312 768 1394 periculosa
790 1311 1007 1375 consuetudo!

321 1417 351 1453 rn
366 1397 461 1455 multis
475 1396 556 1454 enirn-
571 1395 735 1454 nominibus
746 1392 902 1453 haerebit-is.
921 1393 1008 1473 Quid

315 1470 437 1552 ,vejovi
460 1475 547 1534 facies
569 1473 580 1532 ?
629 1472 677 1531 uid
698 1471 834 1531 Vulcano
859 1471 870 1530 ἓ
899 1494 1010 1553 quam·

323 1574 409 1633 quam
427 1597 437 1626 ‚
458 1555 595 1632 quoniam
646 1567 784 1631 eptunum
798 1572 816 1610 a
831 1552 932 1615 nando
951 1575 1007 1634 ap·

323 1634 461 1711 pellaturn
476 1650 575 1710 putas,
589 1632 698 1691 nullum
711 1634 764 1691 erit
781 1651 894 1691 nornen
904 1676 914 1706 ,
925 1635 1010 1714 quod

324 1732 386 1778 non
411 1713 503 1790 possis
528 1713 584 1770 uni
607 1711 703 1771 litteti
729 1711 900 1790 explicare,
927 1713 1010 1775 unde

325 1790 442 1869 dudum
459 1793 503 1851 sit.
522 1789 556 1851 ln
575 1813 634 1874 quo
648 1791 765 1871 quidem
783 1794 919 1872 magistu
938 1794 1011 1853 milri

325 1888 424 1932 natare
441 1869 516 1931 visus
532 1892 581 1945 es,
597 1871 683 1952 quim
699 1870 759 1950 ipse
775 1869 941 1950 Neptunus.

335 2012 338 2017 ,
368 1953 417 2029 63.
448 1951 586 2033 Magnam
612 1949 773 2011 molestiam
796 1949 946 2030 suscepit,
975 1952 1009 2012 &

325 2032 444 2091 minime
470 2031 650 2093 neceffariam
674 2031 781 2110 primus
803 2029 917 2104 Zeno,
941 2030 1009 2113 pdst

327 2110 507 2183 Cleanthes,
526 2112 631 2172 deinde
642 2110 842 2190 Chrysippus,
856 2131 1011 2173 commen·

326 2192 450 2250 titianum
468 2190 627 2251 fabularum
641 2191 764 2250 reddere
776 2192 921 2250 rationem
932 2212 942 2266 3
952 2212 1011 2251 vo·

328 2270 518 2342 cabalorum,
535 2293 585 2330 cur
622 2273 706 2350 nique
721 2273 760 2328 ita
777 2291 813 2349 ap
836 2270 917 2330 ellari
933 2273 1014 2344 sint,

327 2348 421 2407 causas
433 2349 586 2427 explicare.
601 2292 693 2426 Quod
711 2370 797 2428 quum
811 2291 925 2424 dicitis,
940 2352 1013 2413 illud

328 2426 461 2508 profedb
481 2426 679 2500 confitemini,
698 2430 785 2510 longe
802 2429 884 2491 aliter
901 2451 965 2491 rem
980 2429 1015 2492 se

328 2508 457 2580 habere,
479 2527 564 2590 atque
584 2510 735 2570 hominum
757 2509 858 2587 opinio
877 2511 934 2570 sit:
958 2532 1012 2571 eos

329 2590 426 2661 enim,
443 2591 492 2669 qui
509 2591 547 2649 dii
563 2590 760 2672 appellantur,
777 2607 873 2649 rerum
894 2607 1016 2651 naturas

330 2665 406 2742 effe,
426 2691 486 2729 nou
502 2669 604 2752 figuras
621 2671 754 2729 deorum.

369 2748 468 2808 XXV.
490 2748 553 2827 Qui
569 2766 665 2809 tantus
681 2768 760 2808 error
776 2745 850 2822 fuit,
867 2765 900 2808 ut
914 2749 1016 2830 perni-

329 2829 414 2901 ejosis
432 2833 517 2890 etiarn
534 2830 619 2888 rebus
631 2849 692 2888 uon
704 2825 794 2886 modb
812 2847 924 2890 nomen
939 2830 1014 2892 deo-

328 2930 392 2967 rum
412 2910 603 2982 tribueretur,
627 2907 676 2968 sed
702 2911 788 2967 etiam
810 2905 889 2968 sacra
907 2909 1018 2971 consti-

327 3005 484 3052 tuerentur.
503 2986 601 3051 Febris
622 2988 701 3049 enim
720 2987 818 3048 fanum
835 2987 993 3055 inPalat'n
1003 3035 1021 3066 ,,
