2709 4017
474 483 629 571 Linea
654 498 865 555 naturus.
942 502 1017 578 347

332 596 370 663 sit
387 597 417 656 in
428 595 574 669 Idolum,
594 593 709 656 Ioniam
720 639 730 670 ,
741 594 862 668 Asiam,
876 591 1019 671 Siciliam,

331 674 468 751 ltaliam,
487 672 548 736 sine
566 673 697 756 Pythio,
710 694 759 736 aut
772 674 951 753 Dodonaeo,
972 693 1022 736 aut

331 749 507 818 Hammonis
518 757 658 817 oraculo?
677 757 819 838 autquod
830 756 939 820 bellurn
956 754 1020 815 sus·

333 857 368 899 ce
391 855 452 896 tum
470 837 506 896 ab
524 857 557 897 ea
576 839 637 898 sine
650 840 772 897 consilio
786 838 908 899 deorum
925 835 986 896 est?

369 859 419 977 ll.
439 915 504 977 Nec
528 938 617 977 unum
644 939 733 1000 genus
761 917 806 978 est
834 915 1019 981 divinationis

332 998 449 1079 publice
465 1000 657 1079 privatimque
674 997 865 1060 celebratum:
886 1018 972 1068 nam,
987 1015 1020 1058 ut

334 1080 469 1139 omittam
487 1095 600 1140 ceteros
625 1100 665 1161 po
688 1079 780 1153 ulos,
808 1075 905 1139 noster
932 1076 1020 1159 quam

333 1159 424 1220 multa
447 1179 556 1241 genera
579 1101 749 1240 compiexus
766 1156 829 1220 est?
853 1156 1022 1241 Principio,

335 1236 421 1318 hujus
439 1241 516 1301 urbis
530 1259 633 1320 parens
655 1239 818 1315 Romulus,
845 1261 907 1300 non
927 1239 1021 1301 solinu

333 1319 479 1400 auspicato
494 1321 597 1380 urbem
611 1317 788 1394 condidisse,
800 1318 849 1381 sed
862 1318 919 1400 ipse
932 1323 1021 1381 etiam

335 1403 464 1481 optimus
482 1421 572 1481 augur
587 1399 666 1461 fuisse
688 1399 816 1460 traditur.
834 1398 954 1460 Deinde
970 1421 1035 1460 aur

334 1481 502 1564 guribus&
527 1481 629 1562 reliqui
656 1501 687 1542 re
710 1500 740 1541 es
767 1482 839 1554 usi;
863 1481 896 1541 &
916 1480 1022 1559 exaslis

334 1562 473 1643 regibus,
498 1561 567 1620 nihil
594 1501 708 1642 publicd
729 1563 789 1623 sine
813 1561 942 1642 auspiciis
967 1582 1023 1623 nec

336 1642 419 1703 domi
448 1661 503 1702 nec
534 1641 641 1701 militiae
667 1642 832 1724 gerebatur.
861 1641 1023 1724 Quumque

336 1743 443 1804 magna
458 1725 503 1784 vis
521 1721 668 1783 videretur
688 1720 744 1784 effe
768 1722 801 1783 &
820 1724 849 1782 in
867 1726 1026 1804 impetran-

336 1802 382 1864 dis
403 1802 639 1882 consulendisque
659 1802 771 1876 rebus,
793 1803 824 1862 δι
842 1806 871 1862 in
892 1802 1025 1864 monstris

336 1883 560 1964 interpretandis
580 1905 613 1943 ac
632 1882 844 1963 procurandis,
868 1884 897 1940 in
920 1881 1025 1964 aruspi-

338 1984 404 2024 cum
426 1962 572 2044 disciplina
591 1985 600 2036 3
627 1984 749 2034 omnem
763 1963 892 2036 hancex
911 1961 1026 2025 Etruria

337 2043 485 2106 scientiam
500 2043 676 2105 adhibebant
691 2087 701 2118 ,
721 2063 759 2107 ne
779 2056 869 2125 genus
894 2041 964 2103 esset
978 2044 1026 2104 ul·

338 2124 399 2187 lum
421 2124 630 2199 divinationis,
650 2125 732 2206 quod
749 2123 914 2207 negledlum
936 2125 971 2184 ab
991 2126 1028 2187 iis

340 2204 501 2270 rideretur.
967 2219 983 2246 ”¹

380 2306 411 2361 4.
431 2284 492 2358 Et,
512 2305 601 2367 quum
615 2284 729 2347 duobus
740 2285 835 2346 modis
845 2285 950 2360 animi,
963 2287 1026 2348 sine

342 2368 456 2444 ratione
480 2367 514 2426 δι
538 2364 676 2440 scientia,
703 2384 786 2428 motu
805 2369 860 2448 ipsi
880 2365 956 2442 suo,
981 2366 1030 2428 so-

340 2444 404 2508 luto
417 2447 449 2507 &
461 2447 554 2509 libero
570 2450 755 2508 incitarentur
767 2469 777 2520 3
794 2469 852 2507 uno
865 2491 874 2520 ,
891 2446 1006 2508 furente
1018 2467 1032 2522 ;

338 2528 455 2602 pltero,
476 2526 637 2588 somniante
655 2548 665 2600 3
693 2527 797 2587 furoris
818 2526 1029 2589 divinationem

342 2607 490 2687 Sibyllinis
506 2609 631 2668 maxime
645 2609 777 2668 versibus
792 2609 933 2668 contineri
956 2609 1032 2668 arbi·

341 2691 430 2762 trau,
453 2708 555 2749 eorum
579 2689 683 2749 decern
707 2690 781 2749 inter
803 2705 879 2750 retes
902 2687 1032 2749 deleslos

343 2788 361 2829 e
380 2772 495 2829 civitate
517 2764 573 2828 elle
591 2769 758 2830 voluerunt.
779 2710 823 2828 Ex
844 2790 904 2850 quo
921 2788 1031 2848 genere

343 2847 419 2929 sape
437 2850 615 2909 hariolorum
632 2851 720 2910 etiam
733 2851 765 2910 &
780 2866 880 2910 vatum
899 2845 1031 2908 furibun-

314 2968 320 2981 ·
344 2929 397 2988 das
407 2929 610 3010 praedit‘liones
621 2974 629 3001 ‚
641 2950 672 3004 ut
685 2929 849 2992 Odaviano
859 2927 938 2988 bello
952 2925 1035 2988 Cor·

344 3010 415 3072 nelii
424 3007 554 3072 Culleuli
565 3054 578 3081 ,
597 3011 756 3074 audiendas
768 3025 954 3093 putaverunt.
968 3007 1035 3069 Nec

842 3086 952 3170 Μ’
