2709 4017
344 520 401 592 552
560 489 822 566 Noram
928 535 937 564 s

342 615 398 660 deos
411 607 511 676 affluas,
528 623 599 674 quam
615 604 743 656 lesionem
762 604 895 656 absurdam
915 604 962 657 effe
981 621 1032 659 cen·

342 684 378 732 set
395 682 520 732 Davisius.

383 754 452 814 158,
472 753 496 801 8.
516 751 641 823 Quum...
655 766 702 798 non
717 747 823 816 poffune.
842 749 907 800 Haec
923 752 953 801 ad
971 753 1028 816 poe'·

343 839 380 876 tas
394 826 548 874 referuntur:
561 824 642 886 itaque
662 821 772 872 dedimus
787 839 844 872 cum
852 824 967 874 Valkeso
975 817 1027 891 paf-

338 895 418 964 sarrs‚
438 915 484 963 pro
503 898 601 961 vulgato
616 893 723 958 potestis.

382 970 453 1027 161,
474 983 515 1030 ¹7.
535 970 616 1016 Cetera
631 982 720 1030 qaoque
737 964 827 1016 deam.
843 965 884 1016 Ita
901 967 980 1016 codex
991 983 1024 1016 te·

342 1041 396 1110 gius
422 1057 476 1089 cum
499 1037 634 1088 Davisiaais
661 1068 670 1095 ,
705 1054 751 1103 pro
781 1039 885 1105 vulgato
911 1037 1024 1105 cetemqra'

340 1114 427 1163 dobiae.

370 1184 435 1244 164,
451 1198 494 1231 22.
507 1181 537 1232 Ia
548 1180 636 1230 mandis
646 1213 655 1234 ‚
666 1182 739 1238 cedo,
759 1179 978 1232 innumerabilibus.
990 1183 1023 1232 ita

341 1257 450 1305 dedimus
460 1271 490 1304 ex
504 1255 597 1304 Davisii
614 1250 769 1318 conjediura,
784 1270 855 1319 quam
875 1254 957 1304 sensus
971 1255 1023 1322 pos·

342 1332 413 1378 sulas.
433 1328 547 1393 Vulgata
565 1325 681 1382 lestinni,
701 1324 725 1373 ia
739 1325 859 1384 mandis..
877 1329 968 1385 credo,
987 1327 1021 1375 ia·

342 1399 546 1457 numerabilibus,
567 1399 646 1446 nullus
665 1394 706 1445 hic
723 1397 792 1447 locus
809 1412 817 1446 ε
836 1398 891 1448 haec
909 1398 1022 1449 enimin·

341 1469 513 1538 terrogativd,
533 1486 581 1519 non
596 1466 688 1518 ironice
705 1468 826 1518 dicuntur.

382 1547 429 1604 165
445 1577 452 1601 ‚
469 1559 495 1592 2.
513 1541 586 1611 Quod
602 1540 661 1590 enim
680 1556 710 1588 ex
727 1541 812 1590 atomis
827 1540 883 1599 sie,
906 1541 933 1591 id
947 1557 1020 1591 natam

340 1617 467 1682 aliquando
482 1614 524 1662 sis.
547 1615 667 1664 Voculam
684 1613 715 1660 sit
736 1625 841 1678 utroque
860 1614 920 1665 loco
933 1614 1020 1664 delevi·

340 1705 413 1744 mus,
432 1702 500 1752 quam
525 1685 620 1752 ignorat
643 1687 722 1732 codex
745 1686 827 1754 regius
850 1701 906 1735 cum
932 1686 1020 1736 duobus

338 1759 485 1809 Davisianis.

380 1832 445 1887 166,
462 1845 503 1891 14.
512 1828 584 1879 Nihil
593 1829 685 1886 ieram,
693 1827 740 1877 nisi
752 1827 838 1880 aalide.
851 1829 879 1879 ld
891 1829 1019 1886 elimeme·

340 1904 385 1962 τὲ,
402 1900 546 1953 inconsulti.
567 1903 603 1951 isa
621 1900 736 1949 Davisius
754 1916 762 1952 t
784 1918 837 1949 nam
859 1902 959 1953 codices
978 1903 1018 1950 ha-

339 1979 397 2027 bent
410 1975 477 2024 caldi
486 1988 527 2024 aut
543 1975 622 2022 valde.
636 1968 739 2039 Vulgati
757 1972 864 2030 callidi,
877 1974 948 2024 sensu
960 1975 1016 2023 alie·

336 2060 370 2100 rio
388 2067 401 2097 a
417 2061 497 2098 mente
517 2046 628 2096 austasii.

306 2120 309 2127 '
374 2121 435 2170 Ibid.
456 2136 498 2181 27.
517 2118 546 2166 Ia
561 2118 681 2166 cereis...
692 2116 787 2184 figaris.
804 2117 846 2167 Sic
863 2117 959 2169 Aldinae
972 2117 1016 2167 edi·

337 2196 432 2249 tiones,
448 2193 518 2256 idque
535 2191 649 2255 probatur
662 2188 768 2238 Buherio
784 2190 809 2240 &
828 2191 942 2246 Davisio.
959 2191 1017 2245 Vul-

337 2265 369 2331 gb
388 2266 412 2312 irs
430 2264 497 2312 ceris.
517 2261 614 2311 Vitiosi
634 2261 712 2328 regius
730 2262 754 2311 iri
770 2258 864 2312 ceteris}

376 2350 447 2396 170,
466 2348 491 2395 9.
514 2333 640 2380 Hominum
660 2333 747 2382 similes
761 2349 879 2400 putemus.
900 2335 937 2385 lta
956 2333 1014 2386 vic·

336 2407 440 2464 torius,
460 2405 485 2454 δι
506 2403 608 2454 Davisio
627 2403 708 2464 teste,
730 2408 809 2458 codex
826 2406 941 2459 Eiiensis.
957 2406 1013 2459 Vul-

336 2485 368 2548 gi>
384 2495 526 2546 putaremus.

374 2567 453 2613 172,
478 2567 504 2611 4.
529 2548 577 2610 Ista
595 2563 643 2597 sam
664 2545 773 2613 absurda.
793 2550 823 2601 In
843 2552 912 2619 regio
931 2551 1012 2602 codice

337 2623 445 2674 scribitur
464 2623 524 2684 istud
541 2637 589 2670 tam
607 2617 735 2686 absurdam.

376 2695 445 2758 176,
465 2708 508 2756 23.
525 2692 663 2759 Sampsisses
680 2708 720 2742 ruo
733 2691 795 2756 jure.
814 2693 888 2766 Quod
899 2711 974 2745 autem
985 2694 1015 2756 esi

336 2769 392 2830 istac
409 2767 524 2835 gradatim
544 2764 555 2812 ?
572 2762 656 2830 Vulgi>
681 2764 782 2822 editur,
804 2768 868 2832 quod
888 2783 963 2817 ararem
985 2766 1015 2828 est

335 2841 392 2902 istac
408 2838 523 2906 gradatim
540 2834 550 2883 i
566 2832 701 2901 sumpsisses
717 2851 758 2885 tuo
775 2837 831 2900 jare
850 2856 859 2888 .·
880 2858 948 2906 quam
963 2856 1016 2889 vet·

334 2916 420 2962 borum
436 2909 600 2974 trajedionem
614 2907 665 2972 post
680 2908 699 2958 F
700 2909 846 2960 acciolatum
860 2911 951 2963 sustulit
964 2911 1018 2964 oii-

333 2996 414 3037 vetus.
681 2996 684 3001 ·

343 3072 346 3077 ·
374 3067 441 3116 179,
459 3063 494 3118 30
510 3051 623 3103 Eamdem
639 3067 665 3103 ue
681 3054 834 3109 comedamus
851 3057 968 3110 hominum
979 3053 1020 3178 efge
