2709 4017
382 505 460 585 520
571 487 652 555 Da
683 500 860 565 sano,

384 599 517 672 cubiculo
533 598 582 659 suo
598 598 696 679 Scipio
713 599 744 656 vi
759 594 925 677 oppressus,
936 597 1008 657 verb
1023 596 1070 659 di·

384 700 516 751 ceretur3
528 679 558 738 id
570 680 648 749 enim
663 678 727 738 sore
745 678 907 753 diceretur,
921 678 1002 758 quod
1019 699 1068 738 es·

383 759 426 821 set
438 761 564 818 futurum
574 781 584 832 3
595 759 719 817 futurum
734 776 830 816 autem
843 753 922 816 fuisse
936 803 944 828 ‚
962 778 998 816 ex
1011 777 1068 832 eo,

384 843 451 920 quia
464 838 569 898 saslum
588 839 648 911 etl,
666 838 785 918 intelligi
801 837 900 896 debet.
921 836 987 897 Nec
1004 859 1069 897 nta-

406 922 428 976 is
447 936 509 978 erat
520 939 642 989 vetum,
659 916 804 975 Morietur
824 916 942 995 Scipio,
961 916 1069 997 quim,

385 939 532 1058 blorietur
554 998 604 1056 illo
630 997 742 1055 modo:
763 1016 818 1055 nec
841 999 930 1076 magis
955 995 1069 1069 necesse

387 1070 464 1149 inori
482 1077 668 1156 Scipionem,
688 1074 775 1155 quim
797 1077 848 1134 illo
862 1076 955 1135 modo
977 1078 1070 1136 mori:

388 1177 443 1218 nec
459 1159 548 1249 magis
563 1156 741 1217 immutabile
761 1175 796 1215 ex
815 1176 888 1216 vero
907 1158 937 1214 in
955 1154 1071 1229 salsum,

389 1233 518 1295 Necatus
530 1233 575 1296 'est
587 1234 705 1315 Scipio,
718 1235 827 1315 quim,
843 1234 1003 1295 Necabitur
1014 1235 1071 1296 Sci·

336 1337 339 1342 ·
388 1317 461 1408 pio:
486 1335 558 1390 uec,
576 1335 665 1396 quum
683 1315 744 1374 haec
762 1317 805 1372 ita
822 1318 896 1387 sint,
911 1313 953 1375 esl
971 1314 1073 1389 causa,

390 1415 442 1454 cur
457 1393 593 1476 Epicurus
609 1394 701 1453 satum
714 1394 899 1468 extimescat,
916 1397 949 1453 dt
962 1395 999 1454 ab
1009 1413 1073 1454 ato·

391 1469 447 1536 iuis
470 1493 549 1555 petat
568 1476 749 1555 praesidium,
770 1473 872 1555 easque
892 1474 929 1533 de
949 1478 999 1534 via
1020 1475 1074 1535 de·

392 1554 498 1627 ducat,
524 1555 556 1613 ὃ(
573 1576 632 1614 uno
648 1570 783 1633 tempore
802 1553 929 1634 suscipiat
942 1575 989 1614 res
1007 1555 1075 1614 duas

392 1633 593 1694 inenodabiles
604 1655 612 1690 t
623 1654 711 1692 unam
722 1677 732 1705 ,
750 1650 782 1693 ut
794 1637 855 1694 sine
866 1633 948 1693 causa
963 1633 1013 1694 fiat
1021 1635 1075 1693 ali·

393 1708 484 1795 quid,
501 1732 537 1772 ex
555 1733 614 1792 quo
628 1710 805 1787 exsistet,ut
826 1715 864 1773 de
881 1714 972 1773 nihilo
989 1717 1077 1794 quip-¹

393 1794 473 1874 piam
495 1790 544 1855 siat
564 1813 573 1864 3
596 1793 676 1873 quod
698 1813 752 1852 nec
765 1795 843 1872 ipsi,
865 1813 920 1854 uec
945 1795 1079 1874 cuiquam

394 1873 522 1966 physico
545 1873 658 1953 placet:
681 1872 820 1946 alteram,
839 1889 889 1944 ut,
908 1894 1008 1952 quum.
1020 1874 1078 1933 duo

386 1953 545 2013 ·1ndividua
567 1971 619 2032 per
634 1953 802 2012 inanitatem
827 1950 979 2031 feramur,
1004 1954 1078 2013 alte·

396 2053 462 2107 rum
485 2053 503 2092 e
525 2035 644 2113 regione
671 2048 856 2104 moveatur,
877 2031 1000 2093 alterum
1025 2033 1078 2094 de·

399 2106 498 2173 clinet.

402 2189 407 2205 ‘
443 2211 489 2271 19.
517 2192 599 2254 Licet
624 2193 703 2252 enim
724 2189 877 2271 Epicuro,
907 2192 1079 2253 concedenti

399 2291 489 2340 omne
515 2274 694 2340 enuntiatum
711 2289 771 2330 aut⁴
785 2291 887 2331 verum
910 2291 959 2331 aut
982 2270 1079 2331 salsum

400 2350 478 2422 else,
498 2371 558 2408 non
578 2352 692 2422 vereri,
712 2370 749 2410 ne
766 2354 866 2429 omnia
883 2349 944 2411 fato
965 2350 1026 2410 sieri
1044 2352 1079 2409 sit

400 2427 530 2491 necesse:
546 2449 606 2487 non
624 2430 702 2510 enim
712 2448 749 2488 ex
766 2432 877 2490 aeternis
889 2433 980 2491 causis
995 2447 1079 2490 natu-

400 2510 440 2576 iae
461 2511 632 2569 necessitate
653 2510 833 2568 manantibus
852 2530 955 2570 verum
973 2509 1014 2570 est
1033 2509 1083 2582 id,

401 2588 484 2671 quod
500 2592 540 2648 ita
558 2593 719 2650 enuntiatur
729 2611 736 2647 ι
748 2587 907 2650 Descendit
917 2594 946 2650 in
963 2589 1082 2650 Acade·

402 2672 490 2728 miam
510 2666 696 2729 Carneades:
709 2689 763 2728 nec
779 2688 877 2730 tamen
896 2671 958 2728 sine
976 2671 1083 2729 causist

402 2748 453 2809 sed
470 2746 586 2808 interest
600 2751 674 2806 inter
686 2748 779 2808 causas
797 2747 918 2808 fortuiti>
936 2767 1086 2830 antegres-

402 2827 466 2900 sas,
487 2829 518 2888 ὃ(
536 2830 610 2886 inter
628 2826 721 2895 causas
739 2828 909 2893 cohibentes
927 2831 956 2887 in
975 2829 1003 2890 se
1023 2825 1086 2888 effi·

404 2910 537 2968 cientiam
555 2906 723 2967 naturalem.
748 2906 792 2967 Ita
807 2905 968 2988 &semper
984 2928 1087 2969 verum

403 2985 476 3070 fuisit,
497 2984 641 3068 Morietur
660 2983 826 3071 Epicurus,
849 3007 940 3071 quum
957 2988 1041 3063 duos·
1055 2988 1087 3052 &
