2709 4017
373 510 451 583 '182
486 507 550 577 Dr
574 522 744 576 uarum
771 520 977 587 urorum,

372 627 452 685 enim
467 622 616 696 sumebas,
630 620 685 680 nisi
700 621 729 678 in
747 619 873 680 hominis
896 619 988 703 figura
1007 626 1068 682 ηδ’

372 707 484 764 tionem
504 702 593 764 ineffe
618 721 680 760 non
702 699 808 780 poffe:
834 700 927 761 sumet
952 701 1025 760 alius
1044 726 1068 775 ,ς

372 785 426 843 nisi
441 784 470 842 in
489 782 612 844 terrestri
624 802 633 853 ;
646 782 700 840 nisi
709 783 740 840 in
755 799 815 856 eo,
829 785 877 861 qui
893 797 975 849 natus
996 783 1033 849 sit
1042 800 1066 855 3·

374 863 427 922 nisi
446 865 476 922 in
491 871 535 924 'eb
554 908 564 936 ‚
583 863 632 944 qui
651 861 813 921 adoleverit
831 881 840 934 ;
864 863 917 923 nisi
937 863 965 920 in
986 880 1026 921 eo
1045 864 1068 934 ,³

374 945 424 1023 qui
442 943 573 1004 didicerit
592 965 600 1015 ;
619 944 671 1001 nisi
692 943 720 999 irr
742 961 780 1001 eo
799 985 809 1015 ,
831 944 879 1023 qui
903 961 939 1002 ex
956 944 1066 1002 animo

375 1020 507 1098 constet,
527 1025 560 1083 δε
576 1042 701 1103 corpore
715 1022 842 1094 caduco,
865 1022 898 1081 &
917 1019 1034 1081 infirmo
1046 1024 1068 1093 ;'

374 1100 523 1183 postremo
546 1105 600 1162 nisi
615 1105 644 1161 in
666 1103 808 1176 homine,
827 1121 914 1182 atque
930 1102 1060 1162 mortali.

375 1181 470 1260 Quod
492 1185 565 1242 siin
589 1183 724 1243 omnibus
747 1183 789 1240 his
812 1184 897 1247 rebus
920 1180 1057 1253 obsistis,

374 1262 444 1342 quid
463 1263 525 1337 est,
543 1262 623 1344 quod
639 1279 669 1322 te
688 1283 745 1321 una
761 1261 855 1322 forma
875 1262 1031 1321 conturbet
1042 1261 1066 1320 θ’

374 1341 420 1400 his
442 1346 520 1403 enim
539 1343 703 1416 omnibus,
725 1363 789 1422 quae
806 1341 979 1422 proposui,
1003 1339 1063 1400 ad·'

375 1418 478 1500 jundiis
493 1469 503 1496 ‚
520 1425 685 1484 irr'itomirre
694 1425 836 1482 rationem
848 1420 905 1482 effe
922 1422 954 1486 ἃς
972 1424 1067 1485 men?

378 1517 441 1562 tem
458 1503 580 1563 videbas
593 1523 602 1562 τ
618 1503 727 1582 quibus·
737 1502 892 1574 detradiis3
912 1501 998 1561 deum
1012 1501 1066 1566 ta·²

375 1600 445 1640 rnen
462 1580 542 1642 rroffe
553 1601 584 1642 te
600 1581 670 1644 dicis
682 1626 692 1655 ,
703 1582 797 1640 modo
812 1583 985 1642 lineamenta
996 1592 1066 1640 rna-³

376 1676 476 1720 neunt.
488 1661 556 1721 Hoc
569 1660 610 1733 est
624 1682 683 1721 uon
701 1662 903 1737 considerare,
916 1661 965 1722 sed
978 1663 1065 1744 quasi*

374 1737 486 1816 sortiri,
504 1741 573 1822 quid
589 1743 719 1822 loquare.
1059 1742 1064 1772 ³

417 1832 467 1899 99.
487 1821 550 1882 Nisi
565 1821 642 1901 fortd
659 1823 767 1887 rtehoc
803 1821 902 1882 uidem
914 1820 1039 1883 attendis
1048 1821 1066 1895 ,³

375 1903 546 1979 notrssrnodo
560 1903 740 1975 inhorruit,
755 1842 903 1962 sedetiam
920 1905 950 1961 in
971 1901 1068 1961 arbo·'

284 2003 287 2008 ·
376 1998 410 2039 re
434 2014 452 2054 ‚-
473 1983 611 2063 quidquid
641 1981 886 2062 supervacaneum
913 1983 977 2052 sit,
1009 1998 1061 2046 aut

377 2058 458 2120 usum
475 2084 536 2122 non
550 2062 672 2134 habeat,
690 2059 813 2126 obstare.
831 2059 931 2137 Quim
945 2059 1069 2119 moles-·

377 2155 440 2198 tum
465 2141 507 2201 est
529 2162 588 2201 uno
610 2141 700 2221 digito
726 2138 789 2217 plus
809 2140 916 2198 habere
936 2137 946 2194 ἓ
970 2137 1063 2214 Quid

376 2218 446 2276 ita?
468 2222 534 2300 quia
551 2241 606 2279 nec
623 2219 770 2298 speeiem,
790 2237 845 2277 nec
869 2215 948 2275 usum
969 2219 1062 2281 alium

376 2300 504 2379 quinque
536 2297 710 2358 desiderant.
745 2296 827 2356 Tuus
856 2315 953 2356 autem
985 2299 1062 2373 deus

377 2396 438 2436 uon
466 2377 642 2460 digito-uno
667 2377 837 2450 redundat,
859 2377 909 2438 sed
933 2382 1029 2458 capite
1048 2425 1061 2450 ,

379 2456 476 2531 collo,
489 2458 647 2519 cervicibus
660 2503 670 2530 ‚
686 2458 821 2519 lateribus
831 2505 841 2532 ,
852 2459 920 2519 alvo
933 2503 942 2532 ‚
956 2476 1060 2540 tergo,

377 2537 536 2617 poplitibus
548 2540 723 2618 ,manibusj
735 2539 876 2620 pedibus,
892 2539 1068 2610 feminibus‚·¹

377 2620 516 2681 cruribus.
537 2618 567 2680 Si
584 2621 807 2683 uvimrnortalis
826 2623 881 2690 sit,
904 2618 983 2700 quid·
996 2617 1060 2689 haec

379 2695 418 2755 ad
441 2702 532 2761 vitam
555 2702 687 2764 membra
710 2699 884 2782 pertinent?
907 2698 976 2779 quid
999 2697 1067 2778 ipso

380 2775 491 2840 facies?
512 2784 603 2866 magis
613 2784 688 2854 illa,
704 2781 875 2853 cerebrum,
894 2800 965 2851 cor,
991 2779 1061 2856 pul-

381 2877 505 2933 mortes,¹
527 2860 630 2942 jecur3
654 2863 717 2920 haeo'
734 2863 810 2919 enim
832 2860 894 2919 sunt
913 2857 1067 2918 domicilio

382 2941 460 3000 vitae.
481 2940 550 3001 Oris
568 2942 684 3022 quidem
703 2941 814 3008 habitus
829 2940 865 3000 ad
881 2940 947 3002 vitae
971 2936 1062 2996 firmi·

381 3032 472 3080 tatem
489 3023 557 3081 nihil
574 3023 712 3103 pertinet.
