2709 4017
377 503 535 573 Lraan
567 502 841 573 securioris.
882 517 973 591 449.

280 639 319 679 an
336 637 392 700 ego
403 662 412 690 ,
425 621 473 698 qui
483 637 585 679 verum
600 617 735 697 explicari
749 617 844 677 volo?
864 615 977 698 Itaque·

280 699 353 759 nihil
370 699 470 765 contri
494 698 588 758 dico:
617 719 634 755 a
657 714 686 757 te
711 700 853 757 rationem
878 700 974 757 totius·

280 779 446 857 aruspicinae
467 797 549 858 peto.
568 775 627 848 Sed
640 793 669 836 te
684 777 832 839 mirificam
850 780 880 837 in
897 779 968 838 late·

280 860 365 919 bram
382 857 527 936 conjecisti
545 877 553 916 ε
576 856 751 936 quodenim
770 859 967 938 intelligeres,

279 938 348 998 sore
375 956 406 997 ut
428 955 622 1018 premerere,
649 957 738 1016 quum
762 954 847 997 exte
870 937 973 997 causas·

281 1016 499 1098 uniuscujusque
532 1017 717 1076 divinationis
757 1019 971 1097 exquirerem,

281 1103 373 1158 multa
385 1099 474 1158 verba
487 1095 594 1168 fecisti,
606 1114 635 1155 te
648 1141 657 1168 ,
672 1118 760 1176 quum
777 1117 821 1156 res
834 1098 971 1170 videres,

281 1181 426 1238 rationem
449 1176 618 1256 causamque
644 1189 711 1234 non·
726 1197 875 1256 quaerere3
898 1177 968 1257 quid

282 1257 385 1330 fieret,
406 1279 466 1317 non
485 1279 535 1317 cur
554 1255 657 1327 sreret,
675 1255 713 1314 ad
731 1276 792 1315 rem
810 1259 969 1336 pertinere.
1064 1319 1068 1329 ,

284 1337 378 1416 Quasi
397 1358 454 1418 ego
468 1354 517 1396 aut
534 1334 595 1395 sieri
609 1335 822 1407 concederem,
837 1353 885 1395 aut
898 1334 969 1396 esset

282 1417 477 1498 philosophi,
498 1415 609 1476 causam
638 1436 687 1474 cur
711 1415 837 1495 quidque
861 1413 971 1489 fieret,

283 1519 345 1557 non
364 1517 502 1577 quaerere.
522 1496 558 1555 Et
568 1516 606 1556 eo
620 1495 739 1575 quidem
758 1497 826 1555 loco
847 1496 880 1554 dc
898 1516 975 1576 pro-.-

283 1576 413 1660 gnostica
435 1575 530 1636 nostra
551 1576 781 1656 pronuntiabas,
806 1576 838 1635 &
863 1595 975 1658 genera·

282 1659 460 1730 herbarum,
477 1656 689 1716 scammoneam
708 1702 717 1729 ,
742 1654 975 1716 aristolochiam·

283 1759 341 1820 que
359 1738 486 1798 radicem
503 1783 512 1812 ,
534 1757 653 1817 quarum
664 1735 783 1797 'causam
800 1740 969 1820 ignorares,

284 1822 346 1882 vim
360 1819 393 1878 ὃ(
411 1815 548 1880 effeslum·
556 1817 681 1877 videres.

326 1897 580 1980 XXluDissimile
593 1914 688 1956 totum
698 1918 782 1957 :nam
793 1897 823 1957 &
833 1893 976 1978 prognes·

285 1981 411 2049 ticorutn
428 1979 523 2042 causas
540 1976 682 2057 persecuti
701 1977 763 2038 sunt
787 1979 819 2038 ὃ(
843 1978 972 2039 Βοὲῐὴιιε

285 2060 420 2133 Stoicus,
441 2063 489 2141 qui
501 2057 610 2120 estate
619 2059 807 2128 nominatus,
828 2059 859 2118 ἃ
872 2055 970 2118 noster

287 2144 376 2201 etiam
393 2140 596 2200 Possidonius:
622 2139 654 2198 &
680 2141 704 2198 si
726 2137 815 2198 causae
837 2160 896 2197 non
922 2158 973 2197 re·

285 2224 431 2303 periantur
447 2219 561 2280 istarum
581 2239 700 2292 rerum,
720 2236 882 2279 testamen
905 2216 975 2298 ipsae

287 2301 432 2361 observari
458 2300 708 2380 animadvertique
732 2297 856 2381 possunt.
876 2297 975 2358 Nattae

285 2383 360 2441 verb
382 2381 492 2454 statua,
509 2398 558 2442 aut
571 2401 626 2440 aera
639 2380 793 2460 legumde
813 2379 888 2457 cqlo
908 2386 976 2438 tac-²
1016 2444 1020 2449 ,

285 2479 332 2535 ta,
344 2462 413 2542 quid
428 2463 535 2522 habent
553 2459 737 2519 observatum
754 2481 789 2518 ac
804 2456 969 2518 vetustum?

285 2540 390 2600 Pinarii
405 2540 501 2602 Nattae
525 2540 658 2600 nobiles:
678 2560 695 2596 a
714 2539 864 2597 nobilitate
884 2540 974 2619 igitur

287 2621 468 2702 periculum:
490 2622 548 2685 hoc
564 2635 624 2678 tarn
648 2617 750 2679 callide
768 2618 879 2698 Iupiter
893 2620 975 2699 rogia

287 2699 377 2760 tavit?
397 2700 540 2759 Romulus
553 2699 659 2760 ladlens
671 2697 792 2761 fulmine
800 2697 870 2759 idlus
882 2719 892 2770 3
908 2700 973 2758 urbi

268 2845 270 2848 ,
286 2782 373 2860 igitur
387 2779 544 2858 periculum
557 2776 799 2854 ostenditur',‘ei,
818 2799 903 2860 quam
921 2778 973 2838 ille

288 2859 446 2919 condidit:
465 2859 551 2938 quim
570 2857 634 2919 scite
674 2878 706 2919 er
728 2874 811 2921 notas
831 2879 885 2917 nos
907 2877 974 2916 cer<
999 2889 1000 2893 ,

288 2941 378 3000 tiores
401 2938 468 2998 facit
486 2936 619 3016 Jupiter?
648 2881 699 2998 lt·
711 2941 818 3002 eodem
836 2955 973 3016 tempore

287 3020 402 3103 signum
412 3018 494 3083 lovis
505 3016 717 3095 collocabatur,
732 3042 794 3104 quo
807 3015 976 3100 conjuratio
