2709 4017
465 377 542 473 360
596 373 662 443 Du
694 386 1024 456 nummorum,

502 487 589 549 XIV.
610 488 651 549 At
672 505 891 566 nonnumquam
911 505 974 560 ea,
996 504 1064 567 quae

461 568 535 630 diua
554 568 638 643 sunt,
658 571 752 629 minius
769 570 915 628 eveniunt.
933 563 1013 645 Quae
1027 585 1064 627 tar

462 651 492 709 id
512 670 556 708 ars
575 671 636 709 non
663 647 778 710 habet?
801 667 898 707 earum
924 646 991 706 dico
1014 652 1064 707 art?

462 750 527 810 quae
544 726 710 807 conjeiiuri
731 729 931 799 continentur,
954 727 987 787 &
1005 725 1064 787 suns

461 809 581 870 nabiles.
597 809 646 869 An
659 809 802 869 medicina
816 829 861 867 ars
871 827 932 868 non
943 808 1064 888 putanth

461 910 548 971 quam
557 907 655 950 tamen
668 888 760 949 multa
775 887 888 948 fallunt.
909 886 1017 965 Quid?
1038 910 1064 970 gr

459 985 576 1030 natores
603 989 701 1030 nonne
725 967 882 1029 falluntur?
903 965 1061 1029 an'Achiv

461 1052 601 1111 exercitus
613 1093 625 1121 ,
638 1051 668 1110 δι
684 1067 729 1125 tot
742 1051 860 1109 navium
874 1046 1022 1120 nesiores,
1035 1070 1064 1110 nr

461 1129 584 1212 profesii
598 1129 661 1189 sunt
675 1129 711 1189 ab
727 1129 801 1205 llio,
1026 1134 1030 1141 ’

464 1271 499 1324 Ut
512 1271 657 1340 professione
670 1271 720 1322 laeti
735 1267 833 1339 piscium
851 1267 973 1337 lasciviam

459 1365 636 1423 Intuerentur,
657 1377 685 1414 ut
704 1364 737 1414 ait
748 1363 866 1415 Pacuvius
888 1397 896 1424 ‚
914 1380 957 1414 nec
975 1360 1059 1411 tuendi

534 1448 617 1524 capeti
631 1456 745 1522 possiet?

459 1538 555 1600 sntirea
562 1545 637 1615 propi
647 1546 698 1613 jam
709 1548 829 1597 occidente
835 1544 889 1615 sole
898 1543 1036 1612 inhorrescit
1045 1563 1064 1595 n

460 1640 570 1692 Tenebm
588 1639 800 1707 conduplicantur,
819 1638 935 1707 nodisque
947 1639 970 1689 ὁ
981 1639 1064 1689 nimis

467 1753 470 1757 ¹
531 1746 604 1782 cacat
617 1732 706 1800 nigror.

458 1849 539 1913 Num
557 1852 642 1934 igitur
660 1867 707 1912 tot
726 1848 946 1911 clarissimorum
968 1849 1064 1911 ducun

458 1953 585 2028 gumque
608 1930 786 2013 naufragium
802 1928 908 1990 sustulit
927 1948 1019 1991 artem
1028 1952 1064 2071 ¹gr

458 2012 578 2072 nandi?
612 2013 672 2072 Aut
698 2032 767 2072 num
794 2012 1005 2093 imperatorum
1040 2015 1064 2072 ci

458 2093 529 2155 nihil
551 2091 615 2165 est,
656 2096 701 2152 uia
726 2092 850 2151 summus
875 2094 1033 2173 imperator
1052 2114 1064 2152 r

459 2172 552 2253 sugit,
573 2114 671 2231 amisso
690 2173 839 2233 exercitu?
859 2191 907 2231 aut
924 2193 994 2231 num
1006 2193 1064 2253 pro<

458 2272 494 2312 ea
511 2251 587 2311 nulla
607 2249 647 2311 est
666 2251 829 2333 reipublicae
846 2253 981 2334 gerendae
1005 2254 1064 2312 rati<

458 2353 515 2414 que
540 2332 722 2413 prudentia,
776 2334 821 2392 uia
849 2333 938 2393 multa
965 2332 1023 2394 Cn.
1053 2332 1064 2392 1

456 2415 578 2492 peium,
598 2413 731 2495 quaedam
783 2457 791 2472 .
811 2411 984 2487 Catonem,
1003 2435 1064 2472 non

457 2497 544 2553 etiam
570 2509 599 2553 te
627 2493 719 2574 ipsum
748 2492 942 2555 fefellerunt?
967 2493 1064 2554 Similia

455 2573 613 2655 aruspicum
631 2573 800 2654 responsio,
821 2572 969 2654 omnisque
989 2574 1064 2654 opin:

457 2654 616 2716 divinatio:
644 2651 811 2731 conjesiurai
830 2655 908 2714 enim
928 2657 1048 2726 nititur,

456 2757 543 2817 quam
557 2733 695 2817 progredi
711 2754 771 2792 non
814 2732 898 2794 otest.

498 2835 546 2897 25.
567 2813 608 2874 Ea
627 2811 699 2873 fallit
714 2756 828 2873 sortasie
841 2835 1060 2894 nonnumquam

453 2911 553 2957 tamen
570 2895 607 2956 ad
626 2895 781 2957 veritatem
798 2894 950 2976 saepissime
965 2895 1060 2977 dirigit
