2709 4017
336 489 412 585 368
465 490 532 558 ὒε
568 504 894 573 mmmm,

331 625 455 686 quorum
472 601 610 682 judicium
621 649 635 674 ,
649 604 733 686 quod
750 604 789 666 de
810 603 879 681 ipsis
893 599 1028 664 sitm

334 690 392 758 sit,
412 683 627 764 pertimescere.
1003 736 1006 740 ,

378 782 426 843 37.
446 765 534 846 Age,
550 763 669 824 Barbari
689 764 759 824 vani
779 781 867 846 atque
884 761 1028 824 fallacem

334 865 406 906 num
418 848 504 905 etiam
516 843 676 905 Graiorum
687 844 804 904 historia
821 846 942 904 mentita
961 842 1028 904 est?

335 924 414 1004 Qnae
424 923 528 985 Croeso
547 923 668 1003 Pythius
686 924 824 1005 Apollo,
843 942 876 983 ut
889 924 930 983 de
942 941 1028 984 natu·

333 1006 387 1064 nli
405 1005 584 1065 divinatione
609 1004 727 1077 dicam,
755 1027 819 1085 quae
835 1004 1031 1064 Atheniensi·

335 1086 411 1158 bus,
438 1105 501 1164 quae
518 1085 768 1155 Lacedaemoniis‚
789 1107 852 1164 quae
867 1082 1028 1165 Tegeatis,

336 1186 401 1246 qnae
417 1165 551 1247 Argivis,
570 1185 633 1243 quae
651 1163 809 1224 Corinthiis
825 1163 1028 1243 responderit,

337 1247 402 1326 quis
421 1247 431 1304 i
473 1245 555 1305 orat?
575 1243 705 1325 Collegit
723 1245 942 1304 innumerabilia
960 1267 1031 1304 ora·

337 1326 402 1386 cula
413 1267 597 1406 (ililysippus
609 1369 619 1396 ,
632 1345 687 1384 nec
700 1325 791 1384 ullum
800 1328 862 1385 sine
876 1325 1030 1404 locuplete

227 1444 233 1448 -
339 1405 457 1468 auclore
482 1424 569 1486 atque
594 1403 689 1477 telle3
711 1426 775 1485 quae
799 1408 866 1485 quia
883 1423 956 1463 nota
973 1407 1029 1464 tibi

339 1485 425 1559 sunt,
440 1488 584 1565 relinquo.
600 1484 744 1545 Defendo
754 1505 843 1544 unum
854 1485 923 1545 hoc.
937 1485 1031 1543 Num·

361 1588 426 1625 uam
440 1566 510 1623 illud
526 1565 674 1623 oraculum
692 1564 817 1645 Delphis
836 1584 896 1624 tam
910 1565 1029 1625 celebre

392 1663 451 1703 tam
468 1645 577 1704 clarum
593 1642 707 1718 sufflet,
727 1666 823 1727 neque
840 1650 924 1705 tantis
942 1646 1031 1705 donis

337 1722 476 1784 refertum
488 1728 618 1784 omnium
648 1725 1032 1806 opulonimatqueregum,

339 1807 395 1864 nisi
412 1808 507 1865 omnis
524 1822 591 1864 aetas
606 1745 722 1865 illorum
745 1807 928 1867 oraculomm
950 1810 1031 1867 veri·

340 1903 432 1945 tatem
450 1885 519 1946 ellet
534 1903 664 1967 experta.

384 1966 432 2044 38.
451 1966 566 2026 Iamdiu
592 1967 672 2026 idem
694 1986 754 2026 non
779 1965 859 2026 facit.
880 1965 924 2031 ,Ut
941 1967 1031 2048 igitut

340 2066 417 2106 nunc
438 2049 550 2107 minore
568 2046 659 2127 gloria
681 2046 742 2119 est,
762 2048 829 2127 quia
850 2048 945 2106 miniis
961 2069 1033 2107 ota.-

341 2128 475 2190 §ulorum-
497 2131 603 2188 veritas
629 2129 771 2199 excellit3
793 2128 833 2184 sic
853 2145 948 2200 tnnc,
975 2130 1031 2187 nisi

340 2205 449 2268 summi
466 2209 608 2278 veritate,
631 2211 660 2266 in
681 2226 759 2266 tanca
779 2207 869 2288 gloria
884 2228 944 2266 non
964 2207 1035 2267 fuis·

341 2283 392 2345 set.
405 2285 503 2345 Potest
519 2305 618 2345 autem
630 2291 674 2346 vis
690 2289 737 2346 illa
753 2306 854 2359 term,
873 2306 938 2366 quae
948 2309 1032 2348 men·

341 2380 403 2428 tem
430 2364 543 2442 Pythiae
576 2364 676 2426 divino
708 2367 804 2427 afflatu
832 2369 1031 2441 concitabat,

341 2443 486 2506 evanuisse
502 2443 665 2521 vetustate,
686 2466 717 2507 ut
734 2447 871 2528 quosdam
890 2447 1031 2509 exaruisse

342 2545 465 2597 amnes,
487 2544 536 2587 aut
554 2529 583 2585 in
599 2528 686 2588 alium
706 2527 814 2588 cursum
828 2545 979 2587 contortos
997 2529 1029 2588 δι

342 2605 475 2666 deflexos
486 2609 628 2668 videmus.
647 2607 705 2668 Sed
718 2653 730 2679 ,
748 2627 778 2667 ut
794 2610 855 2680 vis,
872 2609 1030 2682 acciderit3

341 2706 448 2767 magna
473 2690 550 2747 enim
576 2686 693 2766 quaestio
717 2687 779 2759 est;
798 2687 893 2749 modb
911 2708 1030 2749 maneat

341 2760 393 2838 id,
414 2767 494 2847 quod
508 2770 606 2847 negari
627 2787 686 2826 non
705 2766 819 2847 potest,
837 2769 891 2827 nisi
907 2789 1031 2831 omnem

341 2842 487 2907 historiam
517 2850 769 2927 pervenerimus,
806 2848 903 2908 multis
927 2848 1031 2910 seculis

340 2945 430 3007 yerax
448 2926 527 2988 fuiffe
539 2926 569 2985 id
588 2927 746 2986 oraculum.

347 3004 453 3084 ΙΙΚΧ.
472 3007 532 3071 Sed
545 3008 711 3071 omittamus
723 3009 837 3080 oracula
851 3029 859 3068 ε
876 3009 1030 3073 veniamus
