2709 4017
369 494 449 592 ·348
502 494 568 564 Dn
595 508 921 580 nrrruarrour,

370 612 444 672 verb
464 608 743 691 somnia'grav'iota‚
762 612 788 678 ,si
804 610 860 692 qua
879 610 917 670 ad
928 610 1061 693 ·rempu·}

370 692 475 752 blicam
494 691 637 769 pertinere
656 689 810 763 visisunt,
828 713 844 750 a
861 689 974 760 summo
991 694 1061 769 cotis

371 773 435 832 silio
456 768 586 853 negleila
604 769 676 829 sunt.
698 771 779 848 Quin
797 773 885 840 eriam
912 773 1059 833 memorii

370 850 466 919 nostri
485 852 628 930 ternplum
638 850 759 910 lunonis
773 850 830 910 Sos
845 853 891 913 itae
904 851 939 912 L.
951 852 1059 927 Julius,

370 934 503 1012 quicum
525 930 557 990 P.
578 930 687 991 Rutilio
708 930 805 990 consul
854 933 900 1004 it,
925 932 963 993 de
979 931 1060 993 sena·

371 1010 418 1072 tris
434 1011 572 1071 sententia
591 1009 692 1071 refecit
702 1031 737 1071 ex
753 1009 899 1085 Caciliae,
917 1010 1061 1074 Balearici

372 1091 458 1166 saliae,
477 1091 600 1152 somnio.
848 1120 855 1128 ’
897 1118 903 1128 ’
979 1115 983 1118 ’
1055 1114 1059 1121 ’

413 1171 465 1233 Ill.
487 1171 586 1253 Atque
602 1171 685 1244 haec,
708 1188 739 1230 ut
757 1176 813 1253 ego
837 1170 982 1244 arbitror,
1007 1190 1060 1232 ve·

371 1267 449 1314 teres
465 1273 562 1324 rerum
576 1254 665 1334 magis
687 1256 799 1312 eventis
814 1252 921 1312 'moniti
937 1296 947 1324 ,
971 1251 1059 1331 quiam

357 1337 486 1395 ''ratione
508 1332 606 1406 dosii,
627 1333 834 1412 probaverunt.
860 1330 1060 1411 Philosopho*

372 1434 436 1474 rum
452 1416 525 1475 verb
551 1415 690 1494 exquisita
711 1414 843 1492 quaedam
866 1429 1059 1492 argumenta,

374 1516 425 1554 cur
441 1493 510 1554 esset
526 1515 595 1554 vera
612 1493 775 1566 divinatio,
797 1492 919 1553 eollesla
934 1491 1015 1552 sunt:
1041 1512 1063 1552 e

372 1577 496 1655 quibus,
519 1591 550 1631 ut
571 1573 608 1632 de
630 1574 830 1652 antiquissimis
854 1573 978 1654 loquar,
997 1569 1060 1633 Co·

372 1655 405 1716 lo
427 1655 529 1713 honius
543 1652 770 1732 Xenophanes,
793 1674 891 1728 unus,
914 1655 964 1735 qui
986 1652 1059 1712 deos

365 1740 391 1794 ‘e
414 1735 575 1806 ediceret,
599 1732 808 1794 divinationem
826 1734 953 1794 firnditus
972 1731 1060 1793 sustu·

371 1815 416 1876 lit.
435 1813 549 1896 Reliqui
574 1814 645 1875 veti>
673 1835 803 1888 omnes,
829 1832 931 1895 prater
951 1813 1060 1894 Epicu·

372 1917 465 1969 rum,
492 1895 702 1954 balbutientem
726 1895 762 1954 de
787 1915 887 1955 natura
911 1895 1058 1968 deorum,

372 1976 582 2038 divinationem
604 1975 823 2056 probaverunt,
841 1974 891 2036 sed
910 1997 971 2034 non
999 1995 1058 2036 uno

373 2058 478 2119 modo.
493 2056 570 2116 Nam
583 2062 670 2136 q'uurn
685 2054 817 2116 Socrates
832 2055 991 2136 omnesque
1001 2054 1060 2114 So-

374 2141 472 2198 cratici
485 2138 660 2216 ‚Zenoque,
680 2138 711 2196 &
726 2137 754 2195 hi
768 2180 777 2208 ‚
792 2138 841 2216 qui
859 2137 895 2196 ab
912 2155 950 2194 eo
968 2133 1059 2197 ellent

372 2215 516 2300 prt'isesii,
541 2235 693 2276 manerent
714 2217 743 2275 in
761 2219 942 2296 antiquorum
960 2213 1060 2278 Philo·

371 2298 531 2379 sophorum
558 2295 725 2369 sententia,
752 2313 853 2356 vetere
876 2297 1059 2372 Academici,

373 2379 408 2438 δι
419 2377 615 2457 Peripateticis
624 2375 869 2437 consentientibus
882 2399 891 2449 ;
910 2398 1059 2459 quumque

371 2457 440 2519 huic
459 2459 500 2518 rei
513 2477 647 2537 magnam
665 2457 862 2531 ausloritatem
876 2458 1059 2540 Pythagoras

370 2537 433 2618 jatn
451 2537 517 2598 ante
538 2536 698 2610 tribuillen,
718 2539 766 2618 qui
782 2540 869 2598 etiam
887 2538 947 2618 ipse
968 2561 1003 2598 au
1026 2561 1060 2598 ut

369 2620 463 2680 vellet
481 2616 560 2697 eil'e3¹
575 2618 757 2699 plurimisque
770 2617 841 2678 locis
855 2622 949 2701 gravis
959 2561 1059 2679 antioc

372 2698 582 2760 Democritus
608 2697 807 2759 raesensionern
836 2719 930 2758 rerum
950 2699 1060 2760 futura·

371 2802 437 2841 rum
458 2722 684 2862 comprobarem
706 2776 891 2840 Dicaearchus
909 2778 1060 2859 Peripate·

330 2885 332 2889 ’
369 2863 442 2935 ricus
467 2880 564 2922 cetera
591 2859 777 2918 divinationis
803 2879 909 2942 genera
930 2858 1059 2936 sustulit,

369 2940 547 3002 somniorum
563 2939 594 2998 δι
610 2937 713 2997 furoris
731 2940 843 3019 reliquit
865 2961 872 2999 z
896 2938 1063 3021 Cratippus

367 3041 508 3104 quoque,
526 3018 669 3083 familiaris
687 3016 802 3092 noster,
820 3041 909 3102 quem
927 3041 986 3104 ego
1007 3043 1060 3103 pa-
