2709 4017
384 489 543 555 LIBER
572 499 853 556 SECUNDUS·
886 498 965 581 471

283 617 324 662 ex
337 597 385 659 fua
402 619 457 673 re,
475 617 561 680 atque
575 620 612 659 ex
623 598 674 659 suo
694 598 826 663 sermone
846 601 973 664 dixerit*

284 682 319 742 &
335 678 398 761 ejus
414 681 539 740 verbum
557 680 675 761 aliquod
691 682 756 759 apti
773 684 909 744 ceciderit
930 681 972 742 ad'

281 762 334 834 id,
356 761 438 842 quod
453 782 538 842 ages,
558 779 607 820 aut
625 761 788 842 cogitabis,
807 783 841 824 ea
859 784 905 824 res
918 763 974 824 tibi

280 857 333 902 aut
346 845 481 902 timorem
496 840 616 914 afferet,
630 859 679 901 aut
691 842 891 904 alacritatem?

325 920 375 996 84.
396 920 501 999 Quum
511 922 558 981 M.
571 919 684 982 Crassus
702 925 861 983 exercitum
873 924 970 984 Brun·

281 1001 347 1061 disii
364 1004 553 1083 imponeret,
568 1003 686 1083 quidam
706 1004 735 1062 in
756 1022 841 1084 portu
862 1006 975 1065 caricas

281 1081 389 1144 Cauno
410 1083 543 1142 adrestas
558 1083 712 1156 vendens,
734 1087 883 1159 Cauneas,
907 1085 970 1144 cla*

280 1164 412 1225 mitabat.
428 1163 588 1234 Dicamus,
603 1166 625 1222 si
640 1163 756 1243 placer,
772 1168 915 1225 monitum
930 1165 974 1225 ab

279 1264 321 1305 co
334 1242 485 1317 Graiium,
501 1262 640 1314 caveret,
658 1264 696 1302 ne
716 1246 784 1304 iret:
807 1267 867 1305 non
887 1243 972 1306 fuiffe

280 1326 458 1407 periturum,
479 1327 502 1383 si
517 1326 609 1384 omini
618 1320 769 1402 paruisset.
786 1324 864 1403 Quae
878 1328 901 1384 si
910 1324 971 1393 ‚susi

279 1407 438 1486 cipimus,
455 1405 539 1485 pedis
555 1401 679 1463 offensio
698 1404 801 1478 nobis,
820 1415 847 1466 ει
858 1406 968 1484 abrup-r

277 1488 323 1546 tio
342 1488 491 1567 corrigiae,
514 1486 546 1545 &
566 1483 789 1544 sternutamenta
807 1502 891 1545 erunt
911 1487 968 1544 ob·

277 1565 432 1627 servanda.
447 1565 548 1626 Sortes
567 1563 692 1636 restant,
716 1565 748 1623 &
764 1564 915 1638 Cbaldaei3
933 1580 970 1626 ut

277 1647 319 1707 ad
331 1664 414 1708 vates
433 1648 604 1719 veniamus,
624 1647 656 1705 &
667 1645 704 1705 ad
715 1645 839 1707 somnia.
852 1645 969 1708 Dicen-

278 1728 351 1787 dum
365 1728 373 1786 i
394 1730 450 1788 itur
462 1743 546 1807 putas
558 1727 598 1785 de*
606 1727 727 1786 sortibus
740 1725 753 1784 i

322 1747 402 1868 xii.
423 1807 507 1890 Quid
520 1809 598 1869 enim
610 1806 669 1865 sors
685 1804 747 1865 est?
760 1805 839 1865 idem
855 1825 968 1886 prope»

277 1889 421 1962 modum,
435 1888 519 1969 quod
527 1889 652 1959 micare,
668 1886 748 1966 quod
763 1887 837 1946 talos
850 1884 971 1965 jacere,

277 1968 362 2050 quod
382 1967 517 2030 teiieras:
537 1966 639 2049 quibus
660 1966 796 2026 intubus
815 1970 968 2026 temeritas·

277 2051 314 2111 &
329 2047 425 2124 casus,
438 2070 498 2110 nun
513 2050 611 2121 ratio,
628 2066 684 2106 nec
701 2047 853 2106 consilium
868 2047 970 2108 valete

277 2147 402 2192 tutarer
416 2129 585 2190 estinventa
603 2127 741 2202 fallaciis,
758 2126 857 2187 autad
872 2125 968 2207 quaes·

275 2228 343 2272 tum
356 2255 369 2285 ‚
382 2225 430 2270 aut
444 2210 481 2270 ad
496 2207 746 2293 superstitionem,
764 2223 813 2266 aut
826 2206 863 2266 ad
880 2227 967 2268 erro·
1019 2204 1022 2209 ⁴

276 2310 354 2352 rem.
374 2290 475 2373 Atque
490 2309 521 2350 ur
538 2295 568 2350 in
586 2289 743 2370 aruspicina
763 2278 906 2363 fecimus,
926 2289 970 2348 sic

276 2371 451 2446 videamus,
465 2372 681 2432 ciarirsimarum
697 2369 817 2430 sortium
831 2390 894 2450 quae
906 2385 966 2429 tru-

277 2453 364 2513 datur
377 2454 520 2517 inventio.
540 2452 711 2511 Numerium
725 2448 879 2510 Suffucium
889 2448 967 2507 Prae·

276 2531 454 2594 aestiuorum
470 2548 658 2594 monumenta
672 2529 838 2601 declarant,
855 2527 965 2588 honefss

276 2629 341 2673 rum
354 2614 503 2674 hominem
512 2614 543 2674 δι
552 2611 700 2682 nobiiem,
710 2608 826 2668 somniis
839 2610 969 2683 crebris,

276 2694 317 2754 ad
330 2709 492 2755 extremum
507 2697 594 2755 etiam
610 2689 768 2750 minacibus
783 2733 793 2764 ,
811 2711 901 2773 quum
914 2687 965 2768 ju·

276 2775 395 2836 beretur
408 2791 490 2836 certo
505 2778 534 2835 in
550 2775 618 2835 loco
629 2773 738 2830 silicem
750 2769 882 2842 cadere,
897 2787 969 2847 per·

275 2856 409 2916 territum
432 2858 502 2917 visis
521 2900 531 2929 ,
550 2851 732 2914 irridentibus
753 2851 808 2910 suis
833 2849 967 2923 civibus,

273 2935 308 2995 id
331 2954 416 3018 agere
443 2958 489 2995 coe
510 2934 579 2996 irre:
604 2935 703 3012 itaque
726 2927 872 3011 perfracio
894 2926 968 2988 saxo

274 3014 368 3080 sortes
385 3018 466 3099 erup‘
517 3018 577 3094 ,in
594 3013 707 3076 robore
723 3009 876 3092 insculptas
891 3006 964 3091 pris*¹
