2709 4017
268 492 279 503 ”
354 494 515 579 ctam,
538 516 852 574 stnavants.
881 518 958 598 521¹

280 614 461 697 septuaginta
477 638 567 683 annos
581 618 710 690 ¹vixerit,
733 618 883 680 Archonte
897 619 961 700 Py·

280 697 410 767 tharato3
422 717 459 757 ne
480 718 517 756 ue
527 715 634 757 tamen·
644 712 726 757 erant
738 699 825 763 causae
841 697 962 773 satalen,

280 795 331 835 cur
348 778 388 847 ita
400 718 562 845 acciderett
577 775 627 836 sed
643 776 725 856 quod
741 779 779 837 ita
797 777 961 852 cecidisset,

280 856 361 925 certe
378 854 525 929 casurum,
539 859 611 927 sicut
630 857 752 930 cecidit,
765 855 828 917 fuit.
845 856 909 919 Nec
924 861 964 933 ii,

279 937 330 1016 qui
352 935 451 996 dicunt
475 937 662 997 immutabilia
682 934 758 1009 effe,
783 957 847 1017 quae
868 937 962 999 futura

280 1018 356 1088 sint,
375 1035 429 1074 nec
440 1013 633 1095 poffevetum
642 1015 768 1076 futurum
787 1021 916 1079 converti
932 1020 963 1077 itt

279 1091 402 1167 falsum,
421 1093 472 1154 fati
489 1099 690 1157 necessitatem
704 1095 895 1170 confirmant,
912 1095 963 1157 sed

279 1174 439 1234 verborum
454 1175 516 1235 vim
532 1177 765 1255 interpretantur.
789 1175 847 1250 At,
859 1178 907 1257 qui
917 1179 963 1236 in·

278 1253 438 1313 troducunt
459 1254 602 1313 causatum
618 1255 720 1314 seriem
739 1253 964 1333 sempiternam,

280 1333 302 1401 ii
322 1350 452 1399 mentem
469 1333 593 1398 hominis
610 1335 766 1401 ¹voluntate
786 1333 875 1393 liberti
895 1333 963 1416 spo·

280 1411 402 1485 dietam,
416 1416 586 1473 necessitate
596 1410 647 1472 fati
665 1412 842 1483 devinciunt.

319 1490 358 1551 X.
381 1491 441 1551 Sed
459 1494 520 1552 hac
544 1492 690 1552 hadenus.
711 1493 779 1552 Alia
799 1493 962 1555 videamus.

273 1568 440 1641 ,Concludit
466 1575 544 1633 enim
558 1570 745 1653 Chrysippus
766 1573 824 1633 hoc
847 1574 962 1648 modo,

273 1648 310 1725 ¹Si
329 1650 372 1711 est
383 1669 480 1712 motus
493 1655 553 1714 sine
566 1653 669 1726 causa,
689 1675 749 1713 non
760 1656 855 1713 omnis
866 1675 963 1715 enun-

278 1731 384 1804 tiatio,
408 1732 487 1813 quod
508 1735 615 1808 ᾰξίομι
633 1733 772 1791 diatetttci
790 1734 962 1812 appellant,

278 1827 328 1870 aut
347 1830 436 1883 veta,
456 1828 503 1870 aut
516 1809 583 1869 falsa
596 1813 667 1870 etit:
684 1810 778 1869 causas
797 1815 874 1870 enim
893 1810 960 1879 effi,-

279 1891 389 1959 cientes
404 1890 484 1971 quod
502 1911 564 1948 non
578 1889 714 1962 habebit,
727 1889 757 1948 id
768 1908 822 1949 nec
837 1910 960 1964 verum,

277 1987 334 2037 nec
352 1967 453 2029 falsum
474 1971 547 2028 etit:
569 1971 662 2027 omnis
685 1983 782 2026 autem
802 1970 962 2045 enuntiatio

276 2063 328 2121 ¹aut
349 2068 420 2108 veta
440 2065 487 2107 aut
507 2044 574 2114 falsa
597 2046 663 2106 est:
687 2065 783 2106 motus
804 2067 875 2128 ergo
900 2048 962 2115 sine

276 2126 362 2187 causa
381 2127 473 2186 nullus
494 2126 545 2186 est.
564 2125 657 2204 Quod
669 2128 693 2183 si
710 2127 750 2184 ita
762 2124 824 2199 est,
841 2129 938 2187 omnia
948 2164 962 2199 5

263 2227 343 2288 ·quae
366 2203 439 2264 fiunt
454 2249 465 2277 ‚
482 2208 571 2267 causis
589 2203 659 2265 fiunt
678 2221 743 2265 ante
765 2207 868 2267 cessis:
889 2205 918 2265 id
936 2207 962 2267 si

279 2287 320 2344 ita
342 2282 402 2359 est,
416 2287 514 2345 omnia
532 2284 592 2345 fato
605 2285 700 2346 fiunt:
717 2304 733 2344 e
766 2288 838 2346 citur
855 2287 963 2368 igitur,

279 2363 341 2435 fato
359 2363 441 2438 fieri,
456 2386 643 2447 quaecumque
656 2363 737 2425 fiant.

279 2493 283 2501 .
322 2464 370 2504 21.
391 2445 447 2504 Hic
467 2447 591 2524 primitm
607 2449 631 2503 si
647 2446 717 2503 mihi
735 2445 822 2503 libeat
840 2443 963 2505 assentiri

279 2520 432 2604 Epicuro,
458 2525 490 2584 &
508 2543 614 2603 negare
639 2542 760 2581 omnem
786 2525 962 2584 enuntiatio-

279 2621 349 2662 nem
366 2620 414 2661 aut
427 2622 528 2663 veram
541 2600 597 2660 esse
608 2646 619 2673 ,
632 2619 680 2661 aut
692 2600 790 2660 falsam
800 2623 808 2673 ;
819 2623 883 2662 eam
897 2605 961 2682 pla-

300 2700 346 2741 am
370 2684 466 2761 potiits
485 2682 649 2759 accipiam,
669 2681 756 2762 quim
776 2681 846 2743 fato.
861 2683 961 2742 omnia

279 2700 342 2825 ieri
359 2761 566 2839 comprobem:
588 2761 635 2818 illa
655 2764 731 2821 enim
749 2761 888 2821 sententia
906 2761 961 2817 ali-

280 2840 349 2920 quid
374 2839 697 2918 habetdisputationis,
719 2841 780 2899 haec
800 2838 872 2897 verb
898 2857 961 2907 non

281 2917 323 2981 est
352 2917 519 2977 tolerabilis.
549 2918 649 3002 ltaque
679 2918 827 2980 contendit
856 2935 960 2977 omnes

280 3017 389 3062 nervos
407 2995 650 3085 Chrysippus,ut
665 2997 852 3081 persuadeat²
869 3015 959 3067 omno
