2709 4017
357 535 360 542 .
417 475 572 543 Lrnnrt
600 484 838 546 Trarion·
886 495 960 569 329

281 585 387 648 neficio
406 589 544 667 perverse
569 606 741 649 uterentur:
767 588 853 647 etiarn
875 590 964 668 patti-

282 670 388 727 moniis
403 668 510 726 multos
528 669 603 728 male
620 672 679 748 uti,
696 689 751 729 nec
764 668 804 728 ob
818 687 884 728 earn
898 689 966 727 cau·

281 747 340 806 sani
361 767 413 808 eos
426 745 598 808 beneficium
616 747 896 828 apartibus‘nullunt
914 748 965 807 ha·

282 827 364 887 bere.
389 826 586 906 Quisquamne
613 827 682 888 illuc
707 827 815 910 negat?
835 845 884 886 aut
899 849 966 908 quae

283 904 325 966 est
340 908 369 964 in
385 908 542 967 collatione
555 906 605 966 illa
614 907 793 969 similitudo?
811 906 875 966 Nec
887 909 967 969 enim

282 986 404 1046 Herculi
421 984 561 1060 Deianira
576 1008 683 1048 nocere
702 990 814 1060 voluit,
831 1007 920 1067 quum
937 989 965 1046 ei

283 1067 429 1139 tunicam,
448 1065 583 1147 sanguine
601 1065 740 1127 Centauri
754 1066 890 1138 tindam,
914 1066 966 1126 de·

284 1144 347 1216 dit;
373 1165 428 1205 nec
448 1144 580 1225 prodelle
600 1145 720 1208 Pheraeo
738 1146 833 1206 Iasoni
848 1147 892 1217 is,
916 1148 982 1225 qui*

283 1223 382 1306 gladio
394 1228 539 1285 vomicam
551 1223 612 1304 ejus
627 1227 756 1306 aperuit,
770 1244 855 1302 quarn
868 1223 966 1284 sanare

282 1303 390 1367 medici
407 1326 468 1365 non
493 1323 660 1385 potuerant.
683 1305 770 1365 Multi
797 1306 903 1374 enim,
931 1303 964 1364 &

283 1383 373 1464 quuni
383 1381 482 1444 obesse
493 1385 621 1458 vellent,
633 1384 822 1465 profuerunt,
833 1383 865 1442 δι
877 1403 966 1461 quutn

284 1461 434 1544 prodesse,
454 1463 622 1524 obfuerunt.
644 1464 688 1524 lta
703 1486 763 1523 non
778 1461 826 1536 fit,
847 1483 884 1523 ex
905 1482 966 1536 eo,
997 1502 999 1507 ι

284 1543 368 1624 quod
376 1543 479 1615 datur,
499 1562 530 1602 ut
548 1544 683 1604 voluntas
705 1542 788 1623 ejus,
804 1545 853 1623 qui
875 1542 967 1602 dede·

284 1625 343 1698 rit,
359 1640 522 1702 appareat3
549 1644 604 1683 nec
624 1669 634 1697 ,
656 1626 679 1684 si
698 1625 746 1699 is,
767 1626 814 1703 qui
834 1625 967 1702 accepit,

283 1703 363 1763 bene
374 1703 484 1776 utitur,
504 1703 611 1764 idcirco
631 1706 674 1778 is,
692 1708 740 1784 qui
759 1704 860 1775 dedit,
875 1704 967 1763 amice

285 1782 378 1845 dedit.

326 1881 377 1938 71.
396 1860 473 1941 Quae
500 1864 577 1923 enim
600 1861 691 1921 libido
712 1906 722 1934 ,
745 1884 808 1943 quae
829 1861 967 1934 avaritia,

285 1942 366 2024 quod
390 1941 498 2001 facinus
517 1959 564 2001 aut
581 1939 743 2022 suscipitur,
769 1943 822 2002 nisi
846 1940 972 2001 consilio·

285 2040 395 2104 capto,
408 2038 456 2082 aut
469 2023 529 2082 sine
539 2023 626 2081 animi
635 2039 715 2081 motu
730 2021 761 2082 ὃ(
774 2021 968 2103 cogitatione,

285 2102 317 2162 id
338 2100 397 2176 est,
421 2103 563 2175 ratione,
588 2099 732 2181 perficitur
753 2101 763 2161 i
787 2121 853 2160 narn
873 2103 968 2158 omnis

286 2183 388 2263 opinio
404 2184 476 2242 ratio
491 2179 556 2254 est,
583 2183 614 2240 &
631 2182 749 2262 quidem
770 2181 847 2241 bona
869 2183 967 2253 ratio,

285 2265 311 2322 si
324 2281 415 2334 ver-a3
435 2261 510 2321 mala
527 2280 643 2334 autern,
669 2264 692 2321 si
711 2261 778 2321 falsa
795 2261 836 2322 est
855 2264 967 2341 opinio.

285 2341 347 2402 Sed
366 2364 382 2402 a
400 2341 458 2401 deo
470 2345 581 2402 tantum
596 2344 740 2402 rationem
756 2344 895 2403 habemus
911 2386 920 2414 ‚
944 2342 971 2402 si

285 2421 380 2482 modo
392 2420 551 2494 habemus3
569 2421 677 2480 bonatn
697 2440 794 2480 autent
808 2423 969 2492 rationem,

286 2518 336 2561 aut
352 2522 413 2561 non
428 2501 562 2574 bonam,
583 2521 599 2559 a
616 2501 720 2559 nobis:
742 2520 801 2559 non
817 2501 914 2571 enim,
936 2515 968 2559 ut

285 2581 492 2663 patrimonium
508 2581 696 2660 relinquitur,
710 2579 750 2638 sic'
764 2580 836 2639 ratio
858 2578 968 2638 homini

286 2659 330 2722 est
354 2658 498 2721 beneficio
528 2660 650 2719 deorum
675 2660 752 2719 data.
783 2657 866 2738 Quid
890 2660 968 2718 enirn

285 2742 384 2823 potius
403 2738 565 2799 hominibus
586 2737 748 2815 dedillent,
768 2741 791 2798 si
807 2741 840 2798 iis
860 2755 971 2797 nocere

285 2817 462 2883 voluiffent?
480 2817 620 2896 injustitiae
639 2838 755 2895 autent,
774 2822 968 2897 intemperan-

287 2903 356 2972 tiae,
375 2901 533 2959 timiditatis
552 2920 615 2979 quae
632 2898 740 2962 semina
754 2895 862 2972 efferat,
880 2898 903 2956 si
924 2894 969 2958 hia

286 2982 363 3046 vitiis
377 2981 450 3044 ratio
468 2999 531 3043 non
545 2976 687 3043 subeffeti
