2709 4017
461 491 821 562 Lucuttun
925 494 981 584 ἠ
1063 525 1072 545 ·

285 604 433 686 'implius
452 603 557 686 Neque
579 606 652 666 verb
677 605 735 664 hoc
760 602 830 664 loco
859 600 997 683 enspew⁸
1050 624 1057 636 ⁴

296 687 419 746 tandum
438 690 497 758 est,
526 687 596 745 dum
613 686 650 746 de
669 705 752 744 remo
773 683 903 754 inflexo,
928 680 993 744 affl

295 767 334 827 de
352 766 431 824 collo
446 766 589 825 columbae
605 764 813 845 respondeam:
827 784 886 822 non
897 765 976 822 enim

294 846 318 904 is
337 844 422 917 sunt,
446 848 521 926 qui,
542 845 681 926 quidquid
700 844 836 915 videtur,
858 843 915 902 tale
932 842 977 901 di-

294 946 361 983 eam
382 923 465 996 effe,
487 927 572 1005 quale
588 927 729 1003 videatur.
757 921 894 1002 Epicurus
917 922 983 990 huc,

293 1004 419 1077 viderit,
442 1004 474 1063 &
496 1006 550 1064 alia
570 1005 668 1063 multa.
694 1003 767 1062 Meo
786 1020 882 1062 autem
901 999 979 1079 judi·

293 1085 342 1143 cio
364 1086 402 1142 ita
416 1081 456 1142 est
475 1088 598 1144 maxima
616 1086 645 1142 in
662 1083 789 1150 sensibus
809 1084 934 1153 veritas,
951 1083 975 1148 si

295 1163 330 1222 &
345 1162 401 1221 sani
413 1163 492 1235 sunt,
508 1166 540 1225 &
551 1164 702 1234 valentes,
719 1163 751 1222 &
764 1162 862 1221 omnia
878 1181 977 1222 temo·

295 1259 423 1313 ventur,
449 1263 511 1320 quae
533 1242 646 1302 obstant
670 1243 702 1301 &
724 1241 895 1320 impediunt.
918 1239 978 1300 Ita-

296 1339 355 1400 que
380 1322 412 1379 &
433 1321 530 1379 lumen
550 1324 654 1379 mutari
673 1319 747 1398 saepe
768 1321 922 1391 volumus,
941 1320 986 1384 δι.

294 1401 369 1457 situs
395 1419 493 1459 earum
516 1419 640 1471 rerum,
664 1419 734 1477 quas
752 1399 917 1467 intuemure
942 1398 975 1458 &

292 1479 454 1549 intervalla·
474 1497 521 1538 aut
548 1479 767 1550 contrahimus,
794 1495 841 1537 aut
862 1477 975 1546 diduci·

291 1579 379 1630 mus;
400 1559 547 1638 multaque
565 1558 686 1627 facimus
708 1557 795 1638 usque
815 1559 875 1630 εὸ,
904 1558 974 1619 dum

291 1638 439 1718 adspeeius
470 1637 528 1719 ipse
558 1637 649 1698 tidem·
674 1638 759 1698 faciet
783 1637 823 1696 sui
850 1634 971 1714 judicii:

312 1718 372 1791 uod
389 1718 468 1777 idem
480 1717 521 1789 ,ftt
543 1722 574 1777 in
595 1719 716 1788 vocibus
727 1755 746 1788 ‚-
757 1719 787 1775 in
803 1717 917 1789 odore,
942 1718 972 1785 in

291 1738 416 1876 iapotffi
432 1817 463 1855 ut
479 1817 568 1857 nemo
586 1799 621 1856 sit
639 1796 789 1866 nostrum,
809 1799 857 1876 qui
869 1799 899 1856 in
911 1795 975 1865 sen·

275 1928 277 1935 .
291 1878 372 1936 sibus
387 1876 427 1946 sui¹
443 1874 578 1955 cujusque
617 1878 710 1952 tueris
724 1873 860 1951 judicium
878 1877 974 1953 tequi-

272 1971 339 2016 .rat
355 1958 458 2014 acrius.
474 1895 617 2014 Adhibui
620 1954 704 2023 ..verb
721 1954 926 2021 exercitatione
942 1952 974 2015 &

290 2054 375 2108 arte,
394 2050 427 2094 ut
444 2036 519 2094 oculi
537 2033 644 2114 pitiun't
662 2048 830 2106 teneantur,
845 2033 876 2094 &
890 2055 973 2103 aures

290 2117 443 2186 cantibus,
489 2116 530 2172 uis
547 2111 609 2186 est,
632 2116 701 2194 quin
726 2130 845 2185 cernat,
864 2130 971 2195 quanta

290 2199 334 2256 vis
353 2198 389 2254 sit
411 2197 441 2254 in
467 2137 616 2254 iensibus?
642 2192 742 2272 Quiun
761 2195 850 2252 multa
868 2195 973 2265 vident

289 2275 415 2356 pietores
432 2275 462 2332 in
482 2275 590 2333 umbris
610 2275 642 2333 ὃ(
658 2275 688 2332 in
707 2276 886 2348 eminentia,
905 2295 971 2355 quae
1013 2326 1035 2343 ,,

289 2375 344 2414 nos
365 2376 424 2414 non
446 2353 600 2413 videmus?
614 2353 700 2433 quim
716 2354 826 2427 multa,
839 2373 971 2433 quaenus
1068 2382 1072 2390 ·

278 2432 402 2515 ,fugiunt
428 2435 459 2490 in
485 2451 589 2505 cantu,
611 2433 766 2492 exaudiunt
784 2436 815 2493 in
836 2432 970 2572 hocssfe·

288 2534 360 2574 nere
380 2514 554 2573 exercitati?
574 2515 622 2590 qui
642 2517 738 2591 primo
759 2513 978 2590 inflatutibck
1032 2510 1050 2539 ²
1092 2563 1096 2570 .

287 2595 333 2654 nis
356 2591 518 2670 Antiopam
541 2591 597 2651 effe
616 2593 715 2665 aiunt,
737 2608 784 2650 aut
799 2590 1009 2659 Andronium.
1029 2658 1031 2663 1

287 2673 373 2732 chatn
390 2716 401 2746 ‚
421 2692 512 2751 quum
529 2671 558 2729 id
580 2691 635 2730 nos
653 2691 690 2731 ne
710 2670 881 2750 suspicemur
899 2673 969 2752 qui·
1003 2676 1006 2682 '

289 2752 370 2811 dem.
383 2751 467 2810 Nihil¹
480 2749 590 2810 neceffe
607 2749 647 2810 est
663 2752 701 2810 de
718 2749 827 2831 gustatu
843 2753 876 2810 &
891 2749 970 2810 odo·

289 2848 353 2890 ratu
379 2831 476 2912 luqui3
503 2833 532 2901 in
557 2832 659 2910 quibus
679 2832 896 2912 intelligentia„
911 2827 971 2890 etsi·

287 2907 410 2983 vitiosa,
426 2908 468 2970 est
487 2912 620 2990 quaedam
637 2927 745 2970 tamen.

329 3007 381 3052 20.
409 2989 493 3072 Quid
521 2990 559 3052 de
584 2989 682 3066 unu,
710 2990 743 3053 δι
764 3007 802 3052 ee
821 2980 970 3068 quidem}
