2709 4017
399 505 475 574 21'2
505 500 571 568 Du
598 512 771 566 orarunt
796 502 1008 582 pronum

397 613 567 692 corporibus
587 615 685 672 contin
707 614 752 682 it,
774 631 863 692 quum
885 627 970 671 motu
995 627 1077 695 atque

399 694 603 754 exercitatione
624 633 808 752 recalescunt.

400 774 403 778 ’
442 791 490 845 27.
513 770 576 851 lpse
593 773 665 832 vero
684 774 752 843 aer,
773 770 821 851 qui
835 769 937 831 naturl
957 768 1006 837 est
1021 791 1081 831 ma·

399 851 477 910 xime
494 850 629 932 frigidus,
643 852 761 909 minime
778 848 817 911 est
837 869 942 928 expers
961 850 1081 911 caloris:

400 930 450 989 ille
463 933 535 990 verb
554 932 585 989 δι
601 931 694 990 multo
707 929 825 1009 quidem
837 929 934 988 calore
949 930 1084 992 admistus

403 1007 463 1081 ell3
481 1009 539 1090 ipse
554 1011 631 1068 enim
643 1013 732 1069 oritur
744 1029 780 1068 ex
798 1006 987 1088 respiratione
998 1032 1084 1148 erpua-

403 1109 492 1147 rum:
522 1109 620 1150 earum
647 1092 725 1148 enim
749 1091 828 1170 quasi
849 1109 945 1168 vapor
968 1093 1019 1169 qui
1042 1100 1085 1148 a'm

405 1172 454 1227 aet
472 1169 620 1228 habendus
640 1167 690 1229 est.
712 1167 740 1227 Is
762 1186 858 1227 aurem
876 1165 985 1226 exsistit
1005 1189 1086 1229 motu

407 1246 470 1324 ejus
489 1250 615 1321 caloris,
632 1251 682 1329 qui
696 1250 774 1328 aquis
795 1247 975 1306 continetur:
1001 1269 1088 1327 quam

408 1329 622 1388 similitudinem
645 1347 763 1387 cernere
784 1324 929 1406 pollumus
947 1329 978 1386 in
998 1330 1034 1387 iis
1057 1350 1089 1388 a·

330 1446 333 1455 ·
409 1410 496 1484 quis,
525 1430 588 1488 quae
613 1406 802 1468 effervescunt
824 1405 941 1465 subditis
962 1408 973 1465 i
994 1409 1089 1469 nibus.

410 1487 475 1546 Jam
491 1490 564 1547 vero
583 1488 690 1566 reliqua
705 1502 804 1566 quarta
819 1506 883 1565 pars
903 1427 1004 1547 munli
1023 1530 1034 1562 ‚
1057 1507 1090 1547 ea

411 1566 445 1624 &
463 1565 520 1643 ipsa
538 1583 601 1624 tota
617 1566 717 1624 natura
730 1564 840 1624 fervida
860 1563 920 1637 est,
938 1565 1090 1627 &ceteris

348 1666 350 1669 ·
411 1646 517 1701 naturis
538 1644 670 1702 omnibus
683 1643 831 1703 salutarem
849 1645 1029 1723 impertit&
1046 1649 1092 1706 vi-

409 1721 497 1780 talem
512 1723 650 1785 calorem.

457 1801 503 1861 28.
523 1801 567 1861 Ex
583 1825 642 1883 quo
661 1801 859 1873 concluditur,
878 1821 967 1938 tpuum
989 1821 1093 1862 omnes

412 1883 513 1941 mundi
537 1878 632 1963 partes
652 1880 837 1942 sustineantur
857 1903 890 1940 ca
903 1900 954 1940 ore
974 1924 984 1953 ,
1007 1903 1095 1942 mun·

414 1961 484 2018 dum
502 1967 588 2022 etiam
605 1962 696 2043 ipsum
715 1962 798 2020 simili
813 1963 927 2040 parique
942 1963 1050 2022 ¹naturia
1067 1963 1095 2021 in

414 2055 494 2098 tanta
513 2043 696 2100 diuturnitate
714 2040 818 2099 servari
829 2060 838 2110 ;
859 2039 954 2118 eoque
977 2047 1095 2122 magis,

416 2120 496 2197 quod
513 2123 631 2216 intelligi
650 2119 757 2190 debet,
778 2119 898 2175 calidum
917 2119 989 2177 illud
1011 2140 1096 2203 atque

416 2200 533 2276 igneum
551 2202 590 2270 ita
606 2220 634 2256 rn
651 2200 730 2255 omni
745 2195 834 2254 fusum
852 2193 908 2253 effe
922 2215 1048 2275 natura,
1068 2215 1097 2261 ut

416 2276 445 2332 iu
464 2294 502 2335 eo
516 2279 580 2335 insit
595 2274 765 2355 procreandi
781 2276 824 2333 vis
842 2274 873 2333 &
888 2275 969 2335 caula
983 2279 1099 2361 gignen·

416 2353 475 2424 di,
500 2376 592 2435 aquo
613 2356 815 2414 &animantia
838 2357 960 2429 omnia,
988 2362 1019 2417 &
1039 2381 1099 2432 ea,

417 2453 540 2512 quorum
554 2433 586 2493 sti
622 2456 653 2494 es
670 2434 745 2493 terrai
757 2435 959 2511 continentur,
981 2439 1013 2498 ὃ(
1030 2461 1100 2499 nas·

419 2515 445 2570 ti
462 2515 498 2572 sit
512 2535 583 2575 nece
608 2535 644 2589 e,
664 2514 696 2574 &
713 2514 874 2595 augescere.

459 2593 518 2654 Xl.
543 2595 652 2655 Natura
674 2594 714 2654 est
735 2598 838 2676 igitur,
862 2614 925 2675 quae
951 2599 1101 2657 contineat

419 2675 560 2734 mundum
577 2695 715 2746 omnem,
732 2694 856 2754 eumque
872 2684 1002 2747 tueatur,
1021 2677 1102 2737 &ea

420 2756 538 2835 quidem
556 2777 615 2814 non
633 2757 693 2814 sine
705 2754 782 2814 sensu
795 2772 879 2890 arscpue
897 2757 1025 2815 rarione:
1039 2777 1103 2817 om·

421 2855 487 2894 nem
506 2838 582 2893 enim
599 2851 729 2892 naturam
746 2853 817 2893 nece
840 2853 857 2892 e
877 2836 937 2902 est,
957 2857 1021 2915 quae
1042 2856 1102 2897 non

420 2913 543 2975 solitaria
559 2917 613 2987 sit,
628 2933 723 2993 neque
742 2913 880 2991 simplex,
896 2910 945 2971 sed
963 2936 1029 2973 cum
1045 2916 1102 2976 alio

420 2992 515 3074 junila
534 3010 619 3078 atque
638 3012 790 3068 connexa,
805 2993 913 3054 habere
930 2995 1056 3078 aliquem
1075 2999 1104 3058 in
