2709 4017
376 528 391 535 ..
429 476 591 563 ,ΗΒΕΑ
616 491 826 544 Parrrvsr
890 496 960 568 191

280 604 311 648 te
332 588 466 650 adversus
484 589 574 659 deos,
591 587 677 647 libros
694 586 801 668 scripsit
815 588 965 671 Epicurus.

276 668 323 729 'At
341 690 400 748 quo
419 669 510 729 modo
525 670 553 748 in
572 668 614 725 his
631 668 777 748 loquitur?
796 687 827 729 ut
848 669 965 732 Corun-

275 744 419 822 sennium,
435 766 483 808 aut
504 747 685 819 Scaevolam,
705 748 855 827 pontifices
872 754 967 810 maxi-

276 829 369 902 mos,
388 846 418 888 te
436 828 532 889 audire
549 827 646 900 dicas;
662 848 722 887 non
742 847 808 887 eum
816 873 827 901 ,
844 833 892 910 qui
905 829 965 890 sus·

282 907 378 968 tulerit
399 929 517 969 omnem
542 905 669 966 funditus
689 907 858 989 religionem
880 931 889 983 ;
910 931 964 970 nec

277 984 434 1066 ssrnanihm,
453 987 633 1071 utherxes,
650 986 877 1053 sedrationibus
895 990 968 1050 deo·

275 1088 346 1149 ‚rum
365 1068 571 1143 immortalium
588 1067 698 1146 templa
715 1067 747 1127 &
770 1089 831 1147 aras
849 1087 969 1135 everte·

277 1149 331 1211 rit.
359 1144 442 1229 Quid
460 1147 500 1209 est
519 1148 619 1220 enim,
642 1168 693 1206 cur
714 1147 786 1208 deos
810 1148 846 1207 ab
868 1149 966 1208 homi-

275 1224 368 1291 'nibus
388 1224 528 1287 colendos
548 1228 643 1299 dicas,
661 1247 751 1306 quum
774 1226 813 1286 dii
826 1249 886 1288 non
898 1250 972 1304 moy.

274 1302 325 1378 :db
343 1304 475 1366 homines
489 1327 549 1366 non
567 1305 683 1380 colant,
694 1304 742 1366 sed
759 1308 878 1368 omnino
895 1308 965 1369 nihil

282 1402 408 1467 carent,
427 1383 497 1445 nihil
513 1407 529 1444 a
550 1385 621 1444 ant?

328 1471 396 1525 116.
429 1466 470 1525 At
501 1485 517 1526 e
571 1485 673 1524 eorum
702 1465 806 1526 eximia
833 1465 965 1546 quaedam

283 1543 473 1628 praestansque
488 1563 609 1620 natura,
627 1563 658 1603 ut
669 1564 703 1604 ea
722 1545 827 1605 debeat
837 1544 894 1626 ipsa
911 1567 964 1627 per

278 1622 314 1695 ‚se
333 1624 415 1685 adse
433 1624 587 1687 colendam
610 1624 713 1684 elicere
726 1624 752 1684 sa
775 1628 893 1686 ientem.
914 1626 964 1686 An

280 1704 441 1785 quidquam
460 1707 594 1767 eximium
615 1646 783 1784 poiest'elde
805 1706 834 1763 in
855 1725 888 1765 ea
909 1727 966 1765 nar

280 1782 369 1857 nura,
388 1806 451 1865 quae
467 1783 516 1843 sud
528 1785 679 1862 voluptate
692 1784 810 1857 laerans,
821 1782 890 1842 nihil
910 1805 965 1845 nec
1012 1845 1019 1852 ,

282 1862 380 1924 adura
402 1867 439 1922 sit
459 1882 617 1942 umquam,
637 1881 733 1940 neque
755 1879 820 1941 agat
839 1905 849 1934 ,
871 1880 968 1942 neque

278 1941 400 2025 egerit?
424 1941 501 2018 Quae
523 1941 610 2021 porri>
629 1941 719 2020 pietas
739 1943 765 1998 ei
788 1938 928 2013 debetur,
949 1963 967 2001 a

284 2044 346 2105 quo
361 2021 431 2080 nihil
442 2019 610 2101 acceperis?
624 2038 673 2079 aut
688 2020 755 2099 quid
768 2022 905 2090 omnino,
920 2041 969 2080 cu·

280 2101 330 2186 jus
347 2101 458 2161 nullum
470 2118 602 2161 mentum
622 2101 677 2171 sit,
695 2102 721 2159 ei
740 2098 838 2159 deberi
849 2098 965 2180 potest?

285 2180 327 2243 est
346 2183 423 2242 enim
445 2185 537 2262 pietas
561 2178 663 2256 jullitia
689 2177 839 2238 adversum
862 2179 934 2238 deos
953 2202 964 2255 3

285 2281 353 2322 cum
375 2261 477 2343 quibus
499 2260 568 2342 quid
586 2257 680 2340 potest
697 2259 780 2318 nobis
799 2257 855 2319 elle
873 2257 965 2338 juris,

287 2362 376 2424 quum
395 2342 506 2401 hom'ini
523 2341 600 2400 nulla
620 2361 685 2399 cum
704 2339 761 2398 deo
774 2342 809 2399 sit
829 2361 964 2411 commur

286 2419 389 2482 nitas?
408 2420 536 2481 ἷαιιξὶὶωε
554 2436 650 2479 autem
672 2417 712 2478 est
728 2417 842 2479 scientia
861 2421 965 2479 colen·

281 2502 393 2571 ‚dorum
412 2500 534 2562 deorum
551 2520 560 2570 ;
578 2502 626 2579 qui
643 2499 832 2578 quamobrem
850 2500 965 2558 colendi

280 2580 369 2653 sunt,
386 2601 446 2640 non
462 2580 609 2719 intelliffio,
626 2579 706 2638 nullo
725 2597 778 2638 nec
796 2594 916 2658 accepto
928 2579 964 2640 ab

286 2663 343 2733 iis,
359 2677 414 2718 nee
428 2659 542 2742 sperato
581 2680 651 2718 ono.

331 2736 441 2798 XLII.
464 2738 546 2819 Quid
572 2736 612 2800 est
635 2753 763 2812 autem,
788 2735 867 2826 qubd
893 2735 964 2794 deos

288 2837 462 2880 veneremur
477 2835 595 2900 propter
607 2818 827 2879 admirationem
842 2835 903 2893 elus
916 2834 966 2870 na·
1039 2886 1044 2892 Α

288 2920 389 2972 turae,
415 2900 445 2958 in
466 2905 522 2982 qu'a
539 2901 686 2982 egregium
709 2898 778 2960 nihil
802 2889 965 2961 videmus?
