2709 4017
310 494 362 582 '32
419 485 888 554 AcAunnstconunt

309 617 340 659 ιι
363 601 439 678 perci
459 599 469 656 ι’
492 599 625 678 possint,
653 598 713 655 alia
742 616 771 656 ut
793 619 847 656 non
871 596 998 676 possitus

300 722 303 726 Α
350 696 398 747 4ι.
424 620 546 758 iseliqua
566 678 638 737 verb
658 677 748 735 multi
770 678 802 735 δι
825 677 904 735 varii
924 697 998 734 ora-

309 757 391 815 tione
415 756 587 817 defendunt.
616 755 693 835 Quae
716 755 778 815 sunt
805 756 877 816 item
906 754 998 816 dun:

301 854 423 908 unum,
440 834 550 897 Eorum
563 881 572 911 ‚
584 857 646 917 quae
663 835 835 907 videantur,
853 834 906 892 alia
925 854 999 895 vera

302 912 390 990 effe,
406 916 461 976 alia
481 916 566 976 salsa:
591 917 738 988 ahenum,
759 913 861 974 Omne
875 913 966 974 visum
986 958 999 988 ‚

311 995 394 1076 quod
412 997 448 1055 sit
467 1017 486 1055 a
505 1017 602 1066 veto,
624 992 682 1055 tale
703 993 760 1056 esse
775 1040 787 1067 ,
804 993 888 1074 quale
907 995 1000 1055 etium

311 1095 330 1134 tt
353 1073 425 1135 salso
446 1079 537 1157 possit
562 1073 629 1136 else.
653 1075 727 1134 Haec
753 1074 812 1134 dno
844 1076 999 1154 proposita

313 1174 376 1215 uon
402 1156 630 1236 praetervolant,
659 1154 711 1215 sed
735 1156 776 1214 ita
803 1153 941 1227 dilatant,
965 1170 1001 1214 ut

312 1255 375 1295 non
398 1237 578 1298 mediocrem
593 1256 691 1295 curam
709 1233 864 1294 adhibeant
885 1233 918 1293 δι
937 1232 1002 1292 dili·

306 1317 457 1397 ¹gentium.
470 1315 616 1377 fflvidunt
631 1317 708 1376 enim
724 1316 754 1373 in
769 1331 887 1394 partes,
905 1311 1001 1373 &eas

305 1397 440 1476 ·quidetn
474 1417 621 1480 magnas:
677 1397 781 1454 timiim
808 1396 838 1452 in
866 1389 960 1451 sensus
992 1413 1001 1452 z

306 1476 423 1537 ‘deinde
443 1479 472 1535 in
491 1497 546 1551 ea,
567 1498 631 1557 quae
654 1418 796 1534 ducuntur
816 1494 833 1532 a
850 1470 1002 1546 sensibus,

307 1555 349 1614 ἃ
375 1557 415 1614 ab
434 1559 517 1616 omni
539 1555 766 1626 consuetudine,
790 1573 877 1633 quam
897 1551 1004 1611 obscu-

308 1632 371 1694 tari
386 1633 514 1695 volunt:
532 1653 595 1695 tunt
614 1635 788 1714 perveniunt
806 1632 844 1692 ad
859 1652 923 1692 eatn
937 1652 1004 1721 par·

306 1729 405 1787 uem,
426 1731 458 1773 ut
478 1735 519 1776 ne
548 1717 661 1775 ratione
685 1713 804 1795 quidem
833 1712 865 1773 δι
881 1732 1004 1792 conjec-

318 1797 380 1855 turs
398 1793 456 1854 ulla
474 1815 520 1855 res
539 1796 649 1877 percipi
666 1795 767 1875 possis.

359 1893 411 1948 42.
447 1875 518 1936 Haec
551 1892 647 1937 autent
685 1871 815 1933 universa
846 1869 1004 1932 concidunt

313 1955 410 2015 'etiam
427 1958 571 2016 minutiiis.
588 1956 632 2015 Ut
649 1958 730 2014 enim
747 1953 783 2012 de
800 1952 927 2011 sensibus
945 1948 1007 2011 hes·

310 2050 406 2095 :terno
432 2035 564 2096 sermone
587 2033 719 2106 vidistis,
746 2035 818 2090 itetn
836 2029 944 2089 faciunt
967 2029 1005 2092 de

319 2115 436 2194 reliquis
458 2136 468 2172 τ
497 2118 527 2172 ἱιι
549 2112 720 2194 singulisque
742 2111 855 2178 rebus,
884 2127 953 2186 quas
975 2113 1006 2170 itt

319 2195 440 2256 minima
462 2192 651 2272 dispertiunt,
672 2190 778 2249 volunt
804 2184 940 2257 efficere,
960 2186 1006 2249 liis

323 2273 482 2346 omnibus,
500 2292 564 2352 quae
582 2270 642 2330 visa
659 2273 735 2340 sint,
758 2266 856 2338 vetis,
873 2263 1006 2342 adjubila

314 2349 380 2413 else
402 2349 495 2424 salsa,
523 2371 587 2430 quae
615 2371 633 2407 a
657 2349 733 2409 vetis
760 2345 829 2405 nibil
851 2343 1006 2407 differant:

321 2452 360 2572 {a
378 2450 467 2569 <guum
487 2430 555 2491 talia
576 2431 658 2502 sint,
684 2426 754 2490 nibil
770 2423 850 2508 posse
868 2447 1008 2508 εοιῐιριε-1

290 2565 294 2581 ,
343 2531 380 2572 en
401 2534 422 2570 1.

365 2587 463 2650 XIV.
483 2589 568 2649 Hanc
588 2609 646 2671 ego
671 2585 858 2647 subtilitatem
875 2585 1008 2668 philoso-

322 2669 393 2753 phil
412 2669 532 2752 quidem
551 2670 748 2751 dignissimam
762 2665 881 2746 judico,
903 2666 951 2726 sed
970 2667 1008 2726 ab

324 2771 427 2812 eorum
448 2749 555 2821 causa,
576 2751 625 2830 qui
642 2752 681 2807 ita
700 2746 857 2818 differunt,
875 2750 1010 2806 remotis-

317 2833 438 2892 simam.
466 2828 660 2891 Definitiones
680 2830 783 2901 enim,
818 2825 851 2885 δι
874 2829 1010 2908 partitio-

326 2931 408 2985 nes,
431 2910 463 2970 δι
483 2911 587 2970 horum
610 2907 764 2967 luminibus
783 2921 868 2965 utens
888 2908 1009 2980 oratio,

328 3005 393 3056 tum
407 2989 605 3058 similitudines
617 3033 628 3068 ‚
644 2984 941 3072 dissimilitudinesque
952 3030 969 3063 ,.
978 2986 1015 3049 dt
