2709 4017
407 530 483 613 3¹0
515 515 581 582 Du
604 526 778 580 uarum
805 500 1022 598 vunnu-rr,

404 647 470 703 cet,
490 646 611 688 omnem
627 628 724 708 ignem
745 622 839 706 pastds
854 625 1019 708 indigere?
1042 612 1091 689 nec

404 728 576 793 permanere
595 707 656 768 ullo
672 706 765 767 modo
781 702 885 786 polle,
904 709 961 767 nisi
982 706 1094 769 alatur?

403 790 441 850 ali
460 807 558 849 autem
575 787 685 861 solem,
702 788 821 859 lunam,
841 787 956 867 reliqua
972 786 1047 849 astra
1063 811 1093 849 a·

404 872 487 951 quis,
507 869 562 929 alia
574 868 724 939 dulcibus,
741 868 795 926 alia
812 867 954 927 marinis?
970 886 1093 951 eamque

404 948 517 1010 causam
540 946 698 1008 Cleanthes
719 945 820 1021 affert,
837 967 887 1007 cur
905 945 936 1008 se
957 946 1003 1008 sol
1022 949 1095 1010 refe·

405 1046 478 1101 rat,
508 1049 562 1090 nec
590 1029 705 1111 longius
730 1027 933 1110 progrediatur
961 1027 1096 1090 solstitiali

405 1109 499 1184 orbe,
513 1113 641 1190 itemque
660 1109 801 1183 brumali,
819 1127 858 1169 ne
873 1108 995 1191 longius
1009 1110 1097 1173 disee·

407 1191 457 1250 dar
474 1213 490 1250 a
508 1192 594 1250 cibo:
616 1192 673 1250 lroc
694 1206 790 1249 totum
807 1186 893 1269 quale
913 1192 953 1249 sit
964 1232 981 1264 ,,
1005 1202 1095 1264 ωὀη

406 1293 484 1332 nunc
504 1290 600 1332 autem
617 1268 898 1331 concludatur-illud
916 1314 926 1344 ,
993 1271 1037 1331 od
1052 1272 1097 1331 lu·

406 1356 494 1413 terite
517 1355 629 1435 possit,
644 1352 675 1410 id
694 1368 831 1429 aeternum
848 1371 911 1411 non
930 1369 948 1411 e
1013 1368 1097 1413 netu·

407 1433 456 1492 ri:
480 1436 580 1514 ignem
599 1450 697 1492 autem
720 1432 902 1491 interiturum
925 1426 987 1492 elie
1008 1476 1020 1508 ,
1042 1434 1095 1494 nisi

408 1514 517 1573 alatur:
538 1534 605 1579 non,
616 1510 672 1572 elle
689 1513 773 1593 igitur
785 1511 887 1572 naturd
899 1511 1006 1593 ignem
1023 1510 1097 1577 sem'·

406 1596 564 1674 pitemum.

450 1671 522 1731 XV.
548 1671 678 1750 Qualem
700 1688 799 1732 autem
821 1671 911 1732 deum
934 1672 1096 1757 intelligere

409 1773 465 1814 nos
495 1751 641 1834 pollumus
665 1753 744 1811 nulla
771 1754 877 1814 virtute
930 1753 1095 1815 reditum?

410 1833 495 1914 Quid
514 1833 622 1895 enim?
648 1833 870 1913 prudentiamne
916 1854 956 1895 eo
986 1834 1098 1895 tribue·

409 1914 499 1976 mus?
526 1937 590 1996 quae
607 1912 719 1974 constat
735 1929 771 1974 ex
789 1911 903 1974 scientia
926 1934 1027 1975 rerum
1043 1915 1098 1976 bo-

410 2016 513 2056 narum
536 1998 568 2056 &
589 1996 750 2067 malarum,
771 1994 825 2064 δι,
846 2013 901 2054 nec
926 1995 1098 2070 bonarum,

410 2097 467 2138 nec
483 2079 631 2136 malarum.
657 2073 714 2135 Cui
733 2075 801 2134 muli
813 2075 881 2134 nihil
897 2073 962 2150 est,
975 2097 1034 2138 nec
1052 2097 1097 2138 es·

411 2157 440 2218 se
461 2157 578 2237 potest,
596 2156 665 2237 quid
682 2158 747 2215 huic
765 2176 839 2236 opus
857 2153 898 2215 est
916 2156 1036 2219 delediu
1049 2159 1099 2223 bo‘

410 2258 516 2296 norum
533 2236 741 2374 walorum?
756 2235 838 2314 Quid
854 2253 954 2297 autem
964 2236 1097 2301 rationel

411 2318 481 2398 quid
499 2318 569 2376 intel
591 2317 711 2397 genrid?
732 2318 834 2396 quibus
851 2318 962 2377 utimur
979 2319 1099 2380 adeam

411 2417 475 2456 rem
494 2441 504 2468 ‚
523 2416 555 2457 ut
575 2400 680 2476 apertis
703 2396 822 2474 obscura
845 2394 1049 2478 adequamur:
1072 2414 1099 2460 at

412 2478 566 2538 obscurum
582 2479 640 2539 deo
658 2479 728 2538 nihil
746 2474 841 2557 potest
859 2475 927 2538 elle.
952 2478 1033 2540 Nam
1045 2478 1099 2560 jus·

411 2560 474 2618 titia
493 2604 504 2630 ,
527 2581 589 2641 quae
607 2560 687 2619 suum
708 2562 811 2639 cuique
834 2557 1008 2635 distribuit,
1032 2560 1099 2643 quid

411 2642 539 2720 pertinet
561 2642 599 2700 ad
617 2640 710 2702 deos?
729 2641 880 2698 hominum
903 2642 984 2701 enim
1004 2642 1099 2703 socie-

411 2736 456 2780 tas
476 2721 508 2780 &
528 2723 740 2792 communitas,
759 2735 791 2778 ut
809 2739 865 2778 vos
882 2718 1000 2792 dicitis,
1023 2720 1100 2802 julli·

411 2804 481 2860 tiam
499 2805 672 2882 procreavit.
692 2799 899 2879 Temperantia
914 2820 1018 2862 autem
1035 2822 1101 2864 con·

411 2881 464 2942 stat
482 2902 518 2942 ex
541 2880 791 2963 praetermittendis
806 2882 1009 2960 voluptatibus
1033 2904 1101 2945 cor·

413 2965 511 3044 poris:
525 2964 569 3021 cui
585 2962 608 3020 si
620 2962 702 3021 locus
717 2964 747 3019 in
766 2962 844 3020 coelo
864 2959 923 3036 est,
945 2961 989 3023 est
1013 2967 1101 3026 etiam

403 3042 622 3125 uoluptatibus.
638 3041 717 3107 Nam
728 3041 810 3106 fortis
828 3042 899 3103 deus
915 3044 1103 3131 intelligiqui
