2709 4017
484 496 636 565 Lim
664 506 875 572 PRIMUS.
949 517 1019 591 35¹

338 607 410 692 quid
427 609 639 691 respondeam
661 608 726 670 satis
745 611 822 670 enim
841 606 955 671 defensa
975 631 1025 670 re·

336 692 408 773 ligio
428 689 470 750 est
488 690 657 750 insecundo
676 691 750 750 libro
765 712 782 750 a
796 689 908 750 Lucilio
920 711 930 763 3
943 690 1025 768 cujus

336 770 492 850 disputatio
512 773 635 851 tibiipsi
656 815 666 844 ,
687 788 719 830 ut
731 773 761 829 in
782 789 914 851 extremo
937 773 1026 832 tertio

335 849 455 923 scribis,
477 850 514 909 ad
533 853 685 913 veritatem
704 849 745 910 est
763 850 822 910 visa
841 854 1025 933 propensior.

336 930 417 1004 Sed,
435 931 515 1013 quod
529 930 744 1013 pretermiffum
759 930 799 991 est
815 931 911 991 inillis
925 931 1024 1005 libris,

335 1011 428 1072 credo
448 1014 514 1091 quia
525 1013 710 1073 commodius
726 1012 877 1071 arbitratus
895 1033 925 1072 es
940 1012 1025 1092 sepa-

336 1096 421 1152 ratim
445 1092 476 1151 id
493 1096 600 1173 quaeri,
619 1094 715 1173 deque
735 1112 772 1152 eo
788 1091 903 1166 differi,
916 1092 945 1151 id
963 1091 1024 1167 est,

334 1172 378 1233 de
401 1172 609 1245 divinatione,
630 1195 694 1254 quae
718 1173 759 1233 est
780 1193 881 1232 earum
903 1193 1028 1249 rerum,

334 1272 401 1335 quae
420 1250 547 1312 fortuitae
569 1271 726 1334 putantur,
745 1253 893 1334 praedidiio
904 1295 917 1321 ,
936 1259 1023 1333 atque

359 1331 509 1407 raesensio‚
528 1333 578 1404 id,
592 1337 614 1393 si
627 1334 742 1414 placet,
753 1333 922 1403 videamus,
935 1354 1024 1413 quam

374 1414 441 1473 beat
462 1417 544 1488 vim,
564 1415 595 1473 &
619 1415 705 1494 quale
727 1415 772 1472 sit.
798 1411 864 1494 Ego
885 1414 961 1473 enim
980 1415 1023 1475 sic

335 1494 488 1567 existimo,
510 1496 533 1552 si
554 1496 609 1554 sint
622 1515 657 1554 ea
675 1515 782 1576 genera
799 1493 947 1553 divinandi
966 1513 1022 1555 ve·

333 1595 389 1648 re,
408 1574 446 1634 de
487 1576 570 1634 uibus
587 1579 780 1656 accepimus,
799 1595 928 1655 quaeque
947 1575 1023 1634 coli-

334 1676 421 1727 mus,
475 1676 492 1715 e
511 1655 583 1715 deos
596 1676 608 1728 3
623 1659 828 1738 vicissimque,
840 1657 863 1715 si
882 1656 920 1714 dii
940 1657 1020 1730 sint,

339 1733 397 1797 effe
412 1740 461 1815 qui
480 1736 619 1797 divinent.

343 1868 345 1871 .
375 1814 433 1876 vl.
456 1816 566 1876 Arcem
585 1833 622 1883 tu¹
638 1817 757 1896 quidem
775 1815 941 1875 Stoicorum
954 1859 963 1888 ,
975 1816 1021 1874 in·

332 1915 446 1976 quam,
465 1896 600 1975 Quinte,
615 1895 769 1968 defendis,
789 1897 812 1953 si
830 1895 949 1975 quidem
970 1893 1022 1955 ista

333 1979 375 2036 sic
398 1978 636 2057 reciprocantur3
656 1995 687 2035 ut
706 1977 738 2035 &
757 1977 780 2033 si
801 1974 941 2035 divinatio
965 1976 1021 2048 sit,

333 2056 376 2131 dii
390 2059 468 2132 sint,
481 2057 513 2117 &
536 2059 560 2116 si
574 2057 613 2116 dii
628 2060 704 2129 sint,
721 2058 757 2114 sit
771 2055 910 2115 divinatio
922 2077 929 2114 :
943 2075 1022 2134 quo-

332 2155 553 2198 rumneutrusn
568 2155 629 2197 tam
650 2136 734 2196 facile
754 2181 763 2209 ,
786 2135 873 2216 quini
893 2152 924 2195 tu
944 2135 1023 2195 arbi·

332 2220 436 2292 tratis,
457 2219 645 2278 conceditur:
663 2238 731 2277 nam
755 2217 788 2277 &
807 2215 908 2276 naturis
929 2212 1022 2299 signi·
1081 2279 1082 2283 ,

333 2296 415 2358 ficari
428 2297 523 2358 fittura
542 2302 604 2360 sine
625 2298 684 2358 deo
699 2295 834 2379 poffunt3
856 2297 886 2357 &
898 2341 909 2369 ,
922 2314 954 2358 ut
963 2299 1020 2358 sint

331 2378 375 2438 dii
385 2378 510 2460 ,potest
522 2377 607 2455 fieri,
626 2379 751 2439 utnulla
767 2379 803 2439 ab
821 2381 854 2438 i-is
877 2378 1018 2439 divinatio

356 2462 436 2519 eneti
464 2461 591 2520 humano
620 2459 724 2518 tributa
751 2462 796 2518 sit.
824 2459 923 2539 Atque
942 2459 1020 2533 ille,

334 2478 412 2599 inihi
431 2542 523 2613 verb,
547 2541 659 2620 inquit,
683 2539 748 2598 satis
765 2537 806 2599 est
827 2541 988 2621 argumenti
1007 2583 1022 2612 ‚

338 2619 372 2680 δι
398 2619 454 2681 effe
481 2621 583 2693 deos,
618 2620 728 2680 &eos
753 2618 903 2679 consulere
933 2620 1023 2679 rebus

334 2698 486 2775 humanis,
503 2701 585 2782 quod
600 2697 658 2760 effe
675 2701 750 2760 clara
765 2701 796 2760 &
812 2699 958 2781 perspicua
976 2700 1019 2757 di·

333 2783 489 2842 vinationis
506 2801 613 2862 genera
633 2778 742 2858 judico.
767 2778 818 2840 De
833 2780 935 2862 quibus
948 2778 1021 2859 quid

333 2860 394 2940 ipse
406 2861 536 2922 ¹dentiam
548 2907 558 2935 ‚
572 2863 595 2920 si
617 2861 711 2942 placet
731 2905 743 2936 ,
767 2881 917 2941 exponam
939 2878 949 2932 ;
972 2861 1015 2919 ite,

334 2957 432 3000 tamen
443 2986 457 3018 ,Ι
473 2945 496 3002 si
514 2963 599 3003 vacas
612 2944 730 3014 animo,
745 2961 841 3021 neque
863 2940 952 3019 habes
966 2940 1019 2999 ali-

333 3020 404 3100 quid
422 3066 432 3095 ‚
453 3024 532 3104 quod
549 3023 614 3082 huic
636 3021 765 3082 sermoni
783 3020 1021 3103 praeuertendum

333 3119 430 3181 putes.
