2709 4017
389 506 546 576 Ltuett
574 518 860 574 secuuuus.
896 511 975 598 '473

334 616 428 681 XLII.
451 621 500 680 Ad
512 617 720 680 Chaldaeorum
735 617 981 678 munstraveni'a-

290 720 383 762 mus:
408 702 445 762 de
465 702 567 781 quibus
577 698 735 769 Eudoxus,
754 697 879 759 Platonis
897 699 980 758 audi-⁴

289 797 340 840 tor
350 823 363 852 ‚
375 783 405 840 in
420 781 573 861 astrologia
588 825 598 852 ‚
620 777 728 857 judicio
746 779 982 839 doetissimorum·

288 861 444 920 hominum
467 863 548 921 facile
568 861 721 939 princeps,
751 862 790 918 sie
815 863 981 938 opinatur,-

288 940 322 1000 id
334 942 415 1019 quod
428 942 560 1022 scriptum
569 941 682 1018 reliquit
694 983 704 1010 ‚
714 936 857 999 Chuldaeis
866 942 895 998 iu
905 961 979 1020 prae·

290 1020 441 1096 didione,
455 1023 486 1082 ὃ(
502 1025 530 1079 in
548 1023 699 1080 notatione
716 1017 849 1099 cuiusque
862 1023 928 1081 vitae
941 1039 982 1080 ex·

288 1102 379 1162 natali
399 1103 465 1174 die,
485 1102 601 1161 minime
620 1099 679 1160 effe
695 1100 882 1160 credendum.
907 1099 979 1160 No-

288 1184 382 1241 minat
394 1186 483 1242 etiam
501 1181 660 1252 Panaetius,
680 1182 728 1256 qui
744 1200 816 1238 unus
834 1201 851 1239 e
871 1179 975 1240 Stoicis

288 1260 502 1338 astrologorum
513 1260 647 1341 praediua
661 1257 783 1335 reiecit,
802 1260 983 1320 Archelaum:

290 1341 326 1402 &
349 1339 535 1401 cassandrum
551 1386 561 1413 ‚
583 1343 710 1398 summos
725 1337 884 1420 astrologos
900 1341 983 1399 illius·

287 1425 408 1495 aetatis‚
435 1423 491 1502 quit
515 1438 576 1480 erat
599 1418 686 1499 ipse,
705 1439 794 1496 quum
821 1422 849 1477 in
875 1421 984 1481 ceteris

287 1501 453 1585 eistrol'ogiae
466 1502 593 1582 partibus
612 1498 788 1559 excellerent
799 1535 812 1569 ‚·
832 1499 888 1558 hoc
901 1498 979 1578 praess

289 1581 424 1641 didiiouis
443 1601 550 1663 genere
562 1600 622 1638 non
638 1578 714 1637 usos.
731 1577 837 1657 Scylax
849 1579 984 1638 Halicar-

287 1660 400 1724 naffeus
419 1707 429 1736 ‚
456 1662 600 1721 familiaris
621 1659 735 1719 Panaetii
752 1697 765 1732 ,ι
783 1659 928 1720 excellens
946 1661 983 1719 itu

288 1741 466 1823 astrologia,
484 1744 623 1820 idemque
640 1742 670 1798 in
688 1739 815 1817 regenda
831 1738 878 1799 sua
904 1742 984 1800 civi·¹

289 1838 355 1882 tate
364 1825 515 1902 princeps,
529 1841 624 1880 totum
633 1820 691 1878 hoc
703 1818 890 1878 Chaldaicum
902 1840 983 1899 praee.

286 1903 407 1965 dicendi
419 1923 507 1985 genus
522 1900 700 1981 repudiavitf
978 1956 984 1965 ,

332 1981 382 2059 89.
402 1982 489 2055 Sed,
515 2001 547 2040 ut
572 1982 685 2038 ratione
700 1995 813 2037 utamur
830 2014 844 2050 ‚·
865 1978 983 2040 omissis

287 2060 431 2135 testibus3
450 2066 489 2122 sic
506 2060 549 2121 isti
562 2059 727 2138 disputant,
744 2060 792 2137 qui
807 2057 869 2117 haec
887 2052 981 2118 chal·

285 2143 419 2201 daeomm
434 2144 559 2203 natalitia
574 2139 707 2221 praedidta
724 2138 894 2198 defendunt.
902 2137 978 2199 Vim
1063 2140 1066 2145 ⁴

310 2224 447 2281 uamdam
460 2220 516 2283 effe
529 2225 607 2282 aiunt
624 2219 762 2301 signifero
774 2220 806 2276 in
815 2220 889 2278 orbe
902 2264 911 2291 ,
925 2220 983 2299 qui

286 2244 396 2362 Ztaecd
413 2300 539 2380 ζωδιακὲς
562 2302 663 2360 dicitur
682 2345 693 2373 ‚
720 2299 836 2372 talem,
863 2316 896 2358 ut
912 2298 978 2380 ejus

286 2383 371 2444 orbis
387 2390 569 2461 unaquaeque
581 2404 672 2461 pars,
699 2381 753 2440 alia
774 2380 831 2442 alie
851 2380 944 2440 modo
964 2415 984 2456 ,f

285 2480 412 2525 moveat
432 2465 623 2542 immutetque
647 2461 774 2532 coelum,
800 2460 921 2539 perinde
945 2475 978 2524 ut

286 2563 413 2624 quaque
432 2541 519 2602 stellae
536 2544 567 2601 in
588 2544 621 2600 iis
641 2537 824 2618 finitimisque
846 2539 983 2618 partibus.

287 2627 347 2684 sint
368 2642 484 2703 quoque
502 2638 655 2700 tempore:
678 2638 800 2698 eamque
816 2620 876 2677 vim
896 2622 981 2682 varie

286 2706 406 2764 moveri
418 2705 453 2762 ab
474 2705 506 2761 iis
522 2702 683 2774 sideribus,
703 2721 765 2779 quae
777 2718 918 2759 vocantur
933 2720 977 2759 er·

286 2787 393 2844 tantia.
411 2782 515 2860 Quum
529 2801 627 2844 autem
641 2784 670 2840 in
686 2801 751 2840 eam
759 2779 848 2859 ipsam
863 2797 982 2868 partem

287 2865 369 2924 orbis
390 2865 545 2937 venerint,
570 2865 674 2942 inqua
694 2864 730 2920 sit
747 2878 828 2920 ortus
847 2878 908 2935 elus
926 2860 981 2939 qui·

286 2943 439 3018 nascatur,
458 2960 506 3004 aut
530 2947 560 3003 iu
583 2962 676 3015 eam,
707 2961 771 3020 quae
790 2934 979 3013 conjundium.

286 3025 397 3108 aliquid
409 3024 515 3087 habeat
526 3068 542 3100 ‚
554 3041 603 3087 aut
613 3021 818 3094 consentiens3
834 3035 871 3083 ea
884 3019 981 3088 uiam,
