2709 4017
444 373 604 440 errrc
640 387 854 442 Prtrmvs.
911 382 989 466 377

297 483 433 547 fratribus
461 484 642 545 interfellum
665 494 821 564 tyrannum
843 506 852 546 t
884 490 990 567 quinto
1034 524 1036 529 ·

297 584 397 627 autem
415 585 495 624 anno
514 583 659 638 exeunte,
678 585 766 646 quum
784 565 853 626 ellet
869 565 932 646 spes
950 574 989 628 ex'

298 647 351 706 illo
369 645 507 718 somnio,
523 647 554 705 in
578 644 714 726 Cyprum
735 646 816 705 illum
835 667 877 708 ex·
894 647 990 708 Sicilia

297 724 354 787 effe
375 726 556 797 rediturum,
576 727 758 806 proeliantem
783 728 906 787 eumad
928 725 989 809 Sy·

297 805 409 867 racusas
433 804 588 866 occidiffe:
614 826 651 866 ex
677 827 737 887 quo
762 808 801 867 ita
818 807 888 866 illud
907 806 989 868 som-

298 888 380 946 nium
402 884 459 946 effe
478 889 721 967 interpretatum,
741 904 793 962 ut,
816 909 905 968 quum
922 891 988 948 ani·
1046 880 1087 965 ¹*

297 987 367 1026 mus·
382 963 507 1026 Eudemi
526 987 544 1026 e
563 987 688 1046 corpore
717 966 892 1042 excesserit,
924 986 987 1030 tum
1036 1028 1039 1042 ,

298 1047 421 1108 domum
436 1045 582 1107 revertisse
596 1048 738 1106 videatur.
978 1073 982 1088 ·-

340 1143 389 1206 ς4.
409 1123 611 1208 Adjungamus
635 1126 813 1206 philosophis
850 1125 1011 1202 dodissis·

295 1225 378 1266 mum
392 1205 542 1266 hominem
552 1253 562 1278 ‚
574 1210 694 1287 poetam
702 1207 819 1286 quidem
830 1206 982 1280 divinum,

296 1285 478 1367 Sophoclem
488 1308 500 1362 3
518 1289 593 1368 qui,
614 1307 702 1366 quum
721 1307 757 1346 ex
772 1287 835 1345 aede
854 1285 1001 1346 Herculis·

296 1386 397 1447 patera
423 1387 510 1428 aurea
541 1370 634 1448 gravio
659 1366 785 1447 surrepta
817 1365 917 1439 ellet,
953 1368 984 1426 in

295 1447 402 1506 somnis
421 1447 494 1506 vidit
517 1449 607 1528 ipsum
633 1447 721 1508 deum
741 1448 912 1521 dicentem,
936 1448 987 1528 qui

295 1528 326 1586 id
343 1525 471 1588 fecillet:
490 1528 571 1608 quod
589 1528 676 1589 semel
690 1529 738 1588 ille
751 1532 913 1608 iterumque
930 1546 987 1588 ne·

294 1609 401 1688 glexit..
421 1607 483 1667 Ubi
505 1609 593 1670 idem
620 1608 749 1688 sepius,
784 1608 930 1668 adscendit
954 1611 985 1667 in

295 1688 418 1768 Areopa
458 1689 694 1758 m3detulitrem.
704 1687 890 1767 Areopagitae
900 1708 984 1746 com·

295 1768 436 1847 prehen'
464 1767 566 1845 jubent
593 1787 691 1840 eum,
723 1770 771 1846 qui
793 1789 810 1826 a
835 1765 985 1845 Sophocle

296 1863 358 1907 etat
389 1849 566 1910 nominatus.
595 1845 646 1919 Is,
674 1845 830 1928 quaestione
855 1845 986 1921 habita,

294 1925 442 1988 confessus
464 1925 506 1987 est
528 1973 541 2002 ‚
568 1945 756 2008 pateramque
782 1925 887 1986 retulit.
909 1924 985 2004 Quo

294 2005 372 2068 fetro
383 2051 393 2081 ‚
406 2006 509 2146 {arrum-
524 2008 596 2068 illud
612 2005 718 2068 Indicis
736 2005 872 2067 Herculis
888 2008 986 2067 nomi·

294 2106 395 2148 natum
453 2131 459 2146 .
924 2127 928 2133 -
980 2106 983 2110 ·

337 2165 453 2227 XXVI.
474 2165 533 2226 Sed
550 2167 619 2247 quid
636 2189 693 2252 ego
706 2167 877 2229 Graecorum
891 2167 901 2228 ἓ
917 2167 987 2230 nel·

243 2257 246 2261 ’
294 2247 986 2390 3ᾍὲἳῖἷοῖἀίῑῖοῗῑέῗὲἱῖξῖὼέἶῗιῖῗᾶῗὲῐ·

294 2407 429 2490 proxime
441 2405 564 2468 Coelius.
587 2373 690 2487 Qudm
712 2375 792 2469 bello
807 2374 910 2468 Latind
923 2408 984 2469 ludi
1020 2396 1023 2401 ⁵

293 2490 390 2549 votivi
406 2489 524 2548 maximi
542 2489 666 2567 primitm
686 2487 806 2561 fierent,
831 2491 930 2550 civitas
944 2490 984 2548 ad

294 2589 376 2629 arma
401 2567 523 2648 tepenti
545 2566 586 2626 est
609 2570 753 2629 excitata':
784 2571 881 2649 itaque
909 2569 984 2628 ludis

293 2649 465 2715 intermissis
485 2644 659 2710 instaurativi
674 2649 817 2710 constituti
834 2649 914 2708 su'nt:
954 2649 985 2706 ui

294 2726 845 2889 :tttreffi‘rrtrlttrlr
858 2669 984 2886 cl

491 2853 501 2880 9
855 2851 865 2879 9

293 2892 381 2973 virgis
391 2888 570 2964 cederetur,
588 2887 700 2951 furcam
711 2889 806 2953 ferens
820 2885 919 2958 dudus
929 2884 988 2948 elle
