2709 4017
403 388 479 467 332
513 367 578 436 Da
603 380 777 435 narona
804 381 1026 453 naonvnt,

401 483 482 622 drid-
500 476 1095 642 inillllzzdldlssltlffi

475 606 485 635 5

401 643 463 701 neri
489 658 597 721 putat,
625 658 713 720 quum
733 636 810 697 aliud
834 640 870 697 sit
897 642 1093 712 simulatum,

402 721 479 780 aliud
500 721 602 780 adium.

442 820 493 880 75.
514 801 599 860 Hanc
611 800 696 879 igitur
709 818 725 857 a
738 795 791 857 diis
803 796 1024 871 immortalibus
1035 816 1095 861 tan·

403 896 463 939 tarn
487 881 655 939 arbitramur
680 876 823 936 malorum
844 875 1017 939 sementem
1040 876 1094 940 elle

404 959 528 1018 fallam?
549 959 579 1019 Si
597 960 673 1017 enim
695 959 837 1015 rationem
863 957 1039 1019 hominibus
1058 959 1094 1017 dii

407 1039 569 1112 dederunt,
582 1038 612 1097 &
625 1037 761 1096 malitiam
779 1034 925 1095 dederunt
937 1058 947 1108 ;
965 1036 1010 1097 est
1020 1040 1095 1099 enirn

405 1121 540 1191 malitia,
564 1116 676 1177 versuta
700 1114 840 1175 &fallax
864 1117 997 1176 nocendi
1016 1119 1096 1177 ratio.

406 1198 500 1260 Iidem
519 1202 605 1259 etiam
623 1198 660 1255 dii
678 1195 809 1255 fraudem
824 1194 995 1270 dederunt,
1023 1196 1096 1255 faci·

407 1299 480 1351 nus,
495 1297 669 1358 ceteraque,
692 1295 815 1356 quorum
833 1275 903 1333 nihil
924 1296 983 1337 nec
998 1274 1097 1355 suscipi

407 1361 468 1417 sine
486 1360 629 1430 ratione,
658 1375 712 1414 nec
737 1353 813 1414 effici
835 1353 944 1435 potest.
978 1359 1096 1419 Utina-

406 1439 509 1516 igitur‚
528 1453 558 1495 ut
573 1435 621 1494 illa
634 1455 704 1493 anus
721 1452 825 1517 optat,

618 1574 647 1606 ne
661 1557 685 1605 in
699 1572 791 1605 nemore
808 1553 877 1604 Pelio
884 1552 1010 1623 securibus

413 1649 477 1719 Cosa
488 1649 604 1717 cecidiffct
614 1650 711 1717 abiegna
721 1651 753 1697 ad
760 1663 844 1696 terram
853 1650 932 1699 trabes
938 1668 951 1709 ,-

414 1762 452 1820 sic
462 1759 543 1819 illam
556 1759 740 1819 calliditatem
756 1756 921 1817 hominibus
933 1758 976 1817 dii
994 1778 1033 1820 ne
1046 1761 1099 1821 de·

413 1838 534 1900 diss'em!
554 1841 610 1921 qui
627 1838 762 1918 perpauci
781 1837 857 1897 bene
881 1855 1026 1913 utuntur3
1052 1841 1099 1922 qui

412 1938 510 1980 tamen
529 1922 583 2001 ipsi
600 1917 673 1998 saepe
700 1939 716 1975 a
734 1917 809 1975 male
830 1919 981 1978 utentibus
1001 1923 1099 2001 oppri-

414 2017 557 2060 muntur:
588 1997 809 2056 innumerabiles
840 2016 938 2058 autem
964 2001 1099 2081 improbe

413 2096 545 2149 utuntur3
563 2095 595 2135 ut
611 2077 722 2135 donum
744 2076 799 2136 hoc
824 2076 957 2136 divinum
980 2083 1100 2140 rationis

414 2159 446 2218 &
462 2157 573 2216 consilii
591 2156 628 2214 ad
646 2155 777 2215 fraudem
790 2156 974 2229 hominibus,
989 2181 1051 2219 non
1064 2160 1101 2219 ad

413 2237 574 2297 bonitatem
594 2238 634 2295 im
656 2238 772 2296 ercitum
786 2235 842 2297 else
857 2238 1005 2298 videatur.

453 2313 566 2374 XXXI.
587 2256 697 2375 Sedur
718 2318 771 2375 etis
791 2316 976 2388 identidem,
1002 2318 1100 2378 homi·

412 2418 481 2457 num
496 2394 551 2455 elle
567 2393 647 2454 illam
663 2336 800 2475 cudpam,
817 2417 877 2455 non
894 2397 1041 2471 deorum,
1067 2418 1097 2457 ut

413 2478 435 2535 si
453 2477 581 2536 medicus
588 2477 770 2615 &ravitatem
788 2476 905 2547 morbi,
923 2477 1101 2615 Eibernatot

411 2559 472 2614 vim
488 2573 586 2636 tempe
612 2556 664 2613 atis
683 2554 816 2614 accuset:
845 2559 899 2615 ersi
946 2559 953 2571 '
979 2559 1098 2638 quidem

412 2637 595 2707 homunculi,
613 2633 663 2693 sed
679 2652 777 2694 tamen
790 2634 918 2694 ridiculi:
940 2640 1008 2717 quis
1022 2640 1098 2698 enim

413 2734 443 2776 te
469 2711 663 2785 adhibuiss'et,
690 2713 794 2773 dixerit
811 2713 875 2795 quis
891 2718 975 2788 iam,
1004 2720 1028 2776 si
1053 2716 1102 2777 illa

414 2818 475 2856 non
493 2794 581 2855 essent
598 2792 610 2850 l
631 2790 743 2853 Contra
761 2795 848 2854 deum
866 2736 934 2855 licet
956 2795 1100 2877 disputare

413 2875 537 2937 liberiis.
548 2872 580 2932 In
590 2870 742 2935 hominum
754 2876 831 2939 vitiis
847 2877 887 2937 ais
905 2872 964 2938 effe
974 2878 1103 2961 culpam.
