2709 4017
256 491 390 588 „2:1'6
436 491 912 566 Acnornrrcoreu‘rr

257 601 274 624 ”
336 612 411 668 ciam
433 609 620 683 dicebantur,
639 611 672 669 δι
691 613 790 691 aperte
806 615 968 685 mentitur,¹
981 622 1021 673 us

304 690 307 694 ’
336 687 379 748 est
396 688 582 769 reprehensus
606 712 622 749 a
647 709 728 770 patre
753 691 879 763 Catulo,
905 693 959 765 δι,
981 710 1015 752 ut

336 767 435 827 docuit
454 768 636 841 Antiochus,
658 772 733 830 inid
747 772 839 851 ipsum
854 771 881 834 se
898 772 989 831 induit
1001 816 1018 846 „
1034 839 1039 850 ,

335 847 417 926 quod
441 851 571 908 timebat.
591 850 698 930 Quum
728 854 806 912 enirn
831 855 869 911 ita
895 867 1019 932 negaret¹

325 927 492 1007 ¹quidquam
508 926 584 1003 esse,
601 930 681 1010 quod
699 932 907 1012 comprehendi
920 931 1015 1012 pollet

336 1008 399 1081 (id
423 1010 501 1068 enim
519 1012 654 1070 volumus
675 1009 732 1071 esse
758 1016 919 1078 novennalis
944 1010 957 1092 )
991 1013 1016 1070 si

330 1086 406 1147 ¹illud
420 1086 487 1148 esset
497 1133 508 1160 ,
518 1093 589 1151 sicut
603 1092 684 1152 Zeno
698 1090 847 1163 definiret,
857 1090 914 1150 tale
923 1091 1015 1150 visum

336 1164 433 1306 §jam
456 1172 535 1228 enim
558 1172 614 1231 hoc
640 1193 696 1252 pro
725 1174 863 1248 purrunlp
891 1172 1015 1230 verbum

349 1269 365 1306 a

324 1281 334 1291 ·
367 1250 401 1307 tis
422 1248 555 1310 hesterno
575 1251 708 1311 sermone
726 1252 857 1309 trivimus
883 1249 896 1329 )
922 1249 1016 1311 visum

328 1328 421 1409 igitur
435 1330 598 1410 impressum
613 1331 795 1411 effislumque
811 1349 847 1389 ex
861 1349 898 1389 eo
912 1374 922 1403 ‚
935 1331 1014 1391 unde

336 1407 435 1484 effer,
464 1412 547 1490 quale
574 1412 631 1473 elle
658 1434 718 1472 non
742 1408 860 1490 posset,
886 1429 922 1469 ex
950 1431 1013 1485 eo,

331 1489 415 1549 unde
431 1511 491 1549 non
510 1489 602 1563 effer,
618 1492 721 1549 idatios
738 1512 755 1548 a
774 1489 894 1548 Zenone
911 1489 1016 1550 defini·-

337 1582 400 1626 tum
421 1568 576 1629 restissbnb
593 1571 724 1629 dicimus-v.
748 1567 811 1646 Qui
826 1570 904 1627 enirn
920 1569 1017 1648 potest

358 1649 496 1727 uidquarn
513 1649 745 1729 comprehendi,
767 1663 802 1707 ut
818 1646 903 1724 plane
921 1650 1017 1711 confi'·

336 1667 418 1801 das,
445 1729 476 1787 id
499 1747 671 1808 perceptum
699 1729 904 1808 cognitumque
928 1727 1016 1804 esse,

335 1807 417 1888 quod
430 1807 470 1868 est
482 1809 560 1881 tale,
573 1808 656 1890 qual‘e
668 1809 717 1868 vel
727 1805 893 1868 salsumresle
904 1812 994 1889 possit
1003 1811 1021 1870 d

334 1887 406 1949 Hoc
423 1909 512 1971 quum
523 1887 648 1949 infirmat
660 1890 795 1969 tollitque
814 1887 897 1947 Philo
911 1889 1018 1969 ‚iudis-

327 1972 413 2029 ·sium
432 1970 513 2029 'tollit
527 1971 667 2052 incogniti
689 1970 720 2028 ὃ(
739 1969 848 2110 cppniti
864 1988 876 2028 r
894 1989 930 2028 ex
954 1992 1015 2051 quo

337 2048 460 2111 efficitur
475 2049 543 2108 nihil
559 2043 639 2129 polle
658 2070 761 2130 compr
800 2049 882 2110 endi.»
893 2048 936 2108 Ita
958 2053 1016 2109 im-

335 2130 463 2211 prudens
482 2130 541 2201 eb,
562 2130 620 2208 qub
639 2132 757 2190 minime
777 2131 860 2202 vult,
882 2131 1016 2190 revolvi·

328 2226 394 2270 tur.
417 2208 518 2287 Quare
536 2211 631 2270 omnis
651 2212 745 2270 oratio
772 2227 872 2271 contra
897 2210 1016 2271 Acade-

329 2291 426 2350 ·miam
447 2284 592 2367 suscipitur
614 2291 759 2366 anobis,
784 2308 816 2352 ut
842 2291 1016 2351 retineamus

330 2388 403 2435 ,eam
434 2366 664 2443 definitionem,
694 2393 779 2452 quarn
806 2369 890 2431 Philo
919 2372 1016 2431 voluit

330 2466 488 2510 evertere:
512 2470 598 2530 quarn
618 2453 672 2511 nisi
693 2453 882 2522 obtinemus,
903 2451 1015 2532 percipi

332 2529 407 2590 nihil
426 2528 508 2610 polle
530 2532 725 2592 concedimus.

334 2660 338 2671 .
352 2659 358 2667 .
375 2609 458 2670 Vll.
475 2606 633 2671 Ordiamur
645 2613 730 2693 igitur
744 2631 760 2669 a
773 2608 920 2669 sensibus:
941 2621 1017 2689 quo-¹

301 2696 305 2704 '
333 2710 399 2764 rum
416 2692 459 2751 ita
473 2691 548 2750 clara
570 2690 674 2770 judicia
701 2691 732 2750 δι
750 2706 828 2749 certa
842 2687 905 2747 sunt
917 2730 932 2759 ,
948 2706 978 2748 ut
992 2691 1016 2749 si

334 2773 418 2851 optio
434 2789 542 2832 naturae
559 2770 666 2831 nostrae
677 2770 781 2840 detur,
796 2769 828 2827 δι
843 2768 879 2825 ab
895 2787 929 2827 ea
944 2768 1015 2829 deus

332 2853 421 2932 aliqui
440 2853 587 2933 requirar,
610 2865 786 2909 contentane
808 2847 844 2905 sit
865 2845 918 2905 suis
938 2850 1015 2909 inre-

334 2939 392 3014 gris
411 2929 635 3010 incorruptisque
656 2927 806 2999 sensibus,
830 2946 866 2984 an
887 2926 1012 3007 postulet

333 3014 437 3098 ¹melius
448 3010 576 3094 aliquid3
590 3028 651 3071 nou
664 3006 783 3072 videam
795 3047 807 3082 ,
818 3007 888 3088 quid
903 3025 1013 3091 quaerat
