2709 4017
373 563 449 615 222
484 541 549 610 Da
573 557 748 610 maruan
776 538 988 628 Daunum,

371 655 510 734 nimdque
530 656 669 735 resipiens
694 655 835 735 patriam;
858 639 895 714 &>
910 655 1011 729 dicat,
1034 655 1067 718 se

370 756 433 796 non
445 733 533 816 polle
551 737 736 818 intelligere,
757 735 847 814 qualis
865 737 901 795 sit
921 736 1064 796 volubilis

374 816 568 875 &rotundus
590 817 682 876 deus:
707 832 806 876 tamen
825 836 860 876 ex
879 817 960 888 hoc,
981 819 1066 898 quod

373 892 433 976 ipse
453 899 539 956 etiam
560 898 690 977 probat,
709 917 867 977 numquam
884 917 931 957 me
952 918 1066 959 move·

372 976 426 1037 hit.
449 975 548 1036 Placet
566 979 644 1038 enim
663 977 702 1036 illi
720 975 777 1037 elle
800 977 900 1050 deos,
920 981 988 1057 quia
1007 999 1066 1040 ne·

374 1055 448 1116 cesse
473 1060 507 1116 sit
533 1056 715 1138 praestantem
740 1053 797 1117 effe
823 1059 948 1138 aliquam
973 1076 1066 1120 natu-

373 1157 457 1210 ram,
477 1138 534 1218 quai
554 1139 624 1197 nihil
641 1141 676 1197 sit
689 1139 802 1197 melius.
824 1137 940 1199 Mundo
963 1156 1066 1200 autent

373 1218 454 1278 certe
472 1219 542 1277 nihil
559 1217 599 1279 est
613 1220 725 1279 melius.
745 1217 809 1276 Nec
823 1219 943 1277 dubium
954 1263 964 1291 ‚
975 1224 1068 1300 quin,

375 1299 457 1378 quod
479 1301 608 1359 animans
626 1301 662 1358 sit
674 1343 686 1370 ,
699 1298 863 1380 habeatque
876 1298 1010 1372 sensum,
1034 1303 1067 1362 ὃ(

374 1381 550 1453 rationem,
577 1382 610 1440 &
634 1396 790 1451 mentem,
816 1380 845 1438 id
872 1381 907 1438 sit
930 1380 1068 1457 melius,

376 1460 465 1539 quam
483 1460 534 1531 id,
557 1459 637 1539 quod
656 1460 699 1518 his
724 1474 830 1519 careat.
853 1456 896 1518 Ita
919 1458 1068 1537 efficitur,

377 1543 553 1599 animantem
563 1583 575 1609 ,
585 1538 682 1600 sensus
692 1583 701 1611 ,
711 1541 834 1613 mentis,
848 1540 967 1598 rationis
979 1561 1068 1601 mun·

376 1618 446 1677 dum
465 1617 522 1678 elle
536 1635 727 1699 compotem:
746 1619 803 1697 quai
823 1622 955 1694 ratione,
974 1620 1068 1682 deum

377 1697 435 1758 elle
455 1697 617 1773 mundum,
634 1698 824 1759 concluditur.
844 1698 903 1760 Sed
920 1700 981 1760 hac
995 1723 1068 1781 pau·

377 1779 409 1838 lo
428 1777 492 1859 port
510 1779 620 1840 facilius
642 1779 853 1862 cognoscentur
871 1782 909 1840 'ex
930 1781 964 1840 iis
976 1783 1071 1844 rebus

377 1861 466 1942 ipsis,
506 1881 556 1919 uas
574 1860 698 1921 mundus
716 1858 812 1921 efficit.

384 1975 386 1979 ·
419 1882 555 2003 XVill.
577 1941 709 2013 interea,
725 1941 841 2013 Vellei,
857 1940 916 1999 noli
928 1984 938 2012 ‚
951 1940 1069 2021 quaeso,

378 2041 439 2100 prae
455 2039 485 2081 te
499 2022 574 2082 serre
586 2067 595 2096 ,
605 2043 660 2081 vos
675 2021 760 2101 pland
770 2038 903 2101 expertes
917 2021 973 2080 esse
990 2021 1070 2082 doc·

377 2101 470 2161 trinae.
492 2101 611 2162 Cortum
626 2102 677 2160 tibi
699 2102 759 2173 ais,
778 2101 810 2159 δι
827 2100 1013 2180 cylindrum,
1037 2098 1070 2164 δὲ

378 2181 562 2260 pyramidem
581 2182 793 2259 pulchriorem,
806 2181 891 2261 quam
908 2178 1069 2260 sphaeram,

378 2260 482 2319 videri.
506 2260 626 2321 Novum
645 2263 733 2320 etiam
752 2263 903 2320 oculorum
924 2259 1070 2337 judicium

377 2339 501 2405 habetis.
519 2339 578 2401 Sed
596 2342 652 2400 sint
666 2341 716 2401 ista
731 2343 910 2420 pulchriora,
927 2340 1071 2404 duntaxat

378 2419 513 2499 adspettu
536 2443 547 2495 3
571 2422 652 2503 quod
677 2423 745 2481 mihi
768 2438 864 2481 tamen
886 2418 979 2498 ipsum
1004 2444 1069 2486 non

379 2500 522 2560 videtur:
544 2502 614 2584 quid
633 2506 711 2564 enim
729 2502 871 2582 pulchrius
892 2500 926 2560 ed
948 2499 1072 2583 figura,

379 2602 444 2662 quae
470 2581 531 2643 sola
555 2605 659 2645 omnes
684 2585 752 2642 alias
778 2580 882 2664 figuras
910 2584 1071 2663 complexa

379 2665 530 2737 continet,
546 2685 667 2747 quaeque
680 2663 749 2723 nihil
765 2662 919 2744 asperitatis
937 2663 1069 2740 habere,

380 2743 451 2808 nihil
468 2743 636 2808 offensionis
654 2743 769 2826 potest,
789 2745 859 2803 nihil
880 2742 997 2801 incisum
1014 2766 1071 2803 an·

380 2825 482 2905 gulis,
506 2829 576 2888 nihil
597 2825 793 2897 austadibus,
814 2822 883 2882 nihil
908 2825 1071 2900 eminens,

380 2906 451 2964 nihil
476 2905 673 2968 lacunosum?
697 2903 858 2982 Quumque
881 2902 943 2962 duae
962 2903 1072 2967 formae

381 2984 546 3064 praestantes
569 2989 652 3054 sint,
676 3003 712 3042 ex
733 2982 849 3057 solidis,
874 2983 979 3064 globus
1000 2983 1070 3066 (sic¹

381 3067 460 3126 enim
475 3076 587 3148 spelm
601 3066 783 3146 interpretari
796 3062 914 3149 placet)
926 3084 961 3124 ex
974 3066 1073 3151 planis
