2709 4017
401 472 482 563 '184
515 473 578 538 Dr
602 484 773 539 uarum
800 482 1008 557 nronvrr,

402 585 533 666 pontium
557 579 737 654 conficiunt,
756 601 844 664 quum
863 585 919 643 sint
933 604 1003 645 aves
1025 594 1086 646 etr-⁴

401 662 502 735 celsae,
524 662 648 722 cruribus
666 663 787 744 rigidis,
808 683 917 725 corneo
938 683 1085 744 procero·

402 763 459 824 que
479 740 571 803 rostro
590 763 600 815 ;
621 760 754 804 avertunt
773 741 884 824 pestem
904 744 940 805 ab
960 744 999 803 AE
1020 766 1086 825 yp-

400 839 463 895 to,
488 843 576 904 quum
601 825 735 884 volucres
760 843 867 904 angues
889 845 926 884 ex
949 846 987 884 va
1012 827 1084 904 ‘tote

399 900 504 981 Libyae
522 921 614 963 vento
637 902 739 964 Africo
764 901 890 964 invectas
907 901 1084 964 interficiunt

399 999 485 1062 atque
505 980 693 1043 consumunt:
712 1003 747 1042 ex
766 1004 824 1062 quo
838 981 890 1055 fit,
911 1001 941 1043 ut
956 984 1013 1043 illae
1025 1005 1083 1045 nec

400 1060 497 1123 morsu
511 1063 587 1122 vivae
605 1081 748 1136 noceant,
761 1083 816 1122 nec
835 1063 928 1127 odore
948 1084 1084 1124 mortuae.

400 1138 516 1204 Possum
528 1142 564 1202 de
574 1144 800 1203 ichneumonum
814 1143 952 1214 utilitate,
966 1143 1003 1203 de
1017 1165 1085 1204 cro·

400 1222 562 1282 codilorum
582 1267 593 1294 ,
617 1223 654 1282 de
665 1222 764 1288 felium
787 1223 883 1282 dicere
905 1243 915 1294 ;
937 1220 987 1282 sed
1007 1224 1083 1285 nolo

403 1301 461 1363 effe
478 1302 642 1384 longustita
657 1302 827 1363 concludam
842 1321 960 1373 tamen,
971 1303 1084 1365 belluas

401 1404 420 1444 a
432 1383 558 1443 barbaris
570 1399 689 1465 propter
701 1380 875 1443 beneficium
886 1380 1083 1457 consecratas3

403 1462 565 1524 vestrorum
576 1466 650 1524 vero
665 1463 787 1542 deorum
802 1484 863 1522 nou
879 1461 970 1522 modi>
986 1460 1085 1524 bene·

402 1546 480 1602 cium
498 1543 606 1601 nullum
626 1541 754 1616 exstare,
771 1541 821 1602 sed
838 1562 875 1602 ne
892 1541 999 1602 fadum
1016 1545 1085 1624 qui·

402 1621 471 1681 dem
491 1625 623 1681 omnino.

397 1755 401 1760 .
444 1698 633 1761 XXXVII.
650 1702 737 1761 Nihil
751 1701 849 1774 habet,
866 1702 982 1782 inquit,
998 1724 1085 1784 nego-

402 1781 448 1842 rii.
467 1779 600 1842 Profecto
619 1780 786 1861 Epicurus,
814 1784 893 1862 quasi
912 1784 992 1861 pueri
1010 1782 1086 1844 deli·

402 1863 479 1934 cati,
497 1862 566 1920 nihil
583 1859 735 1923 ceffatione
751 1860 853 1922 melius
871 1859 1021 1922 existimat.
1042 1862 1086 1922 At

402 1941 458 2021 ipsi
483 1958 580 2002 tamen
605 1945 714 2022 pueri,
736 1945 823 2001 etiam
845 1962 933 2022 quum
958 1939 1086 2018 ceffant,

402 2023 609 2081 exercitatione
630 2023 723 2102 aliqud
744 2021 852 2078 ludicri
874 2018 1053 2082 delectantur
1076 2043 1085 2082 t

403 2101 493 2161 deum
509 2103 549 2161 sic
567 2099 698 2160 feriatum
712 2101 846 2158 volumus
859 2097 1011 2157 cessatione
1023 2119 1088 2161 ror·

396 2199 501 2261 pere,
524 2194 578 2251 ut,
602 2183 625 2238 si
641 2179 669 2240 se
690 2179 906 2248 commoverit,
928 2195 1089 2243 vereamur

402 2278 442 2321 ne
452 2259 551 2317 beatus
567 2255 622 2317 effe
637 2279 698 2316 non
713 2257 817 2336 possit.
828 2255 899 2313 Haec
913 2258 1007 2316 oratio
1022 2281 1087 2322 non

403 2337 495 2398 modi>
516 2335 588 2395 deos
598 2334 708 2415 spoliat
725 2351 807 2395 motu
826 2335 858 2395 δι
876 2333 989 2396 afflone
1007 2339 1086 2401 divi·

403 2417 442 2477 nd
457 2460 467 2491 ,
483 2413 533 2475 sed
551 2416 638 2475 etiam
652 2415 786 2478 homines
800 2416 906 2478 inertes
925 2415 1011 2478 efficit
1032 2442 1042 2493 ;
1062 2425 1086 2481 si

402 2496 521 2576 quidem
538 2515 626 2576 agens
643 2495 768 2578 aliquid,
787 2516 825 2556 ne
847 2497 917 2557 deus
936 2499 1084 2578 quidem,

403 2570 461 2636 effe
479 2575 580 2636 beatus
595 2576 699 2656 potest.

447 2672 513 2732 103.
537 2653 652 2735 Verum
670 2661 706 2719 sit
724 2654 809 2727 sane,
826 2673 858 2715 ut
874 2656 979 2729 vultis,
1000 2659 1084 2732 deus,

392 2733 515 2817 'effigies
532 2735 656 2798 hominis
678 2740 709 2799 &
727 2741 836 2816 imago.
860 2735 950 2815 Quod
963 2735 1025 2815 ejus
1042 2736 1084 2800 est

404 2816 605 2897 domicilium?
627 2841 689 2900 quae
701 2815 791 2876 -sedes
803 2815 814 2872 ?
829 2817 877 2895 qui
895 2816 1000 2878 locus?
1019 2828 1088 2900 qu'ae·

406 2895 516 2960 deinde,
531 2896 605 2966 adio
617 2896 707 2962 vine?
724 2892 825 2977 quibus
840 2895 945 2970 rebus,
963 2897 991 2958 id
1003 2900 1088 2981 quod
