2709 4017
336 529 391 609 548
549 534 793 593 Nouum

372 647 422 696 117
436 663 445 688 ,
467 645 492 682 2.
513 631 594 681 Etiam
609 631 723 698 torporis.
738 630 851 697 vulga,
870 630 1013 699 &torporis

333 706 394 755 Duo
408 704 468 769 regii
483 705 582 754 codices
599 705 622 753 id
639 706 748 762 habent,
767 705 838 770 quod
855 721 912 755 cunt
925 705 1014 754 Lambi-

333 793 367 826 no
384 777 410 825 bt
424 777 525 826 Davisio
545 777 619 826 secuti
637 777 724 825 sumus.

343 900 345 906 ,
370 848 432 897 lbid.
455 847 496 897 16.
521 849 555 897 Et
571 848 649 897 multis
669 847 725 897 νέω
744 848 885 897 comodis.
909 847 1013 898 Davisius

335 919 418 970 censet
436 921 563 987 legendum
580 953 587 977 ,
609 920 632 968 ὁ
649 919 736 969 tundis
752 921 809 969 vitae
823 922 974 975 comantis,
988 934 1014 968 ne

335 993 462 1041 videantur
480 990 633 1055 Peripatetici
650 989 746 1056 abjeft'e
765 993 797 1041 de
816 993 952 1043 virtutibus
969 992 1014 1041 sen·

336 1063 398 1114 sisse.
416 1062 490 1113 Paulb
509 1062 559 1128 prist
576 1063 685 1113 dedimus
708 1080 763 1113 cum
786 1064 878 1113 eodem
894 1065 1014 1121 Davisio,

337 1135 361 1184 ἃ
379 1135 425 1198 ejus
440 1136 517 1200 partis
534 1169 541 1193 ‚
560 1152 605 1198 pro
621 1137 745 1201 vulgato,
766 1135 791 1184 δ’
810 1136 861 1202 ejus
881 1136 960 1194 artis,
982 1135 1014 1184 cui

335 1206 393 1259 voci
412 1209 491 1256 nullus
503 1206 543 1257 hic
560 1209 638 1256 locus.
706 1220 709 1225 ·

377 1292 426 1342 119
443 1313 450 1337 ,
474 1294 498 1340 5.
516 1278 600 1344 Itaque
617 1279 659 1328 a'e'r
676 1295 775 1345 qaoque.
795 1274 916 1330 Ultimum
936 1295 1014 1330 votem

338 1368 392 1401 cum
414 1349 508 1401 Guieto
524 1352 549 1401 δι
566 1351 668 1401 Davisio
688 1351 849 1410 delevimus,
868 1370 940 1419 quam
955 1353 1015 1419 ignu-

337 1436 376 1473 tat
396 1423 456 1472 liber
474 1436 544 1481 vetus
561 1423 651 1472 Ursini.

375 1494 435 1544 ibid.
453 1511 495 1545 22.
513 1495 570 1565 Quae
586 1510 638 1544 tuta
654 1495 733 1545 omnia
745 1495 853 1561 accipere
866 1496 964 1562 possit,
976 1512 1017 1544 ort·

338 1564 448 1632 tribusque
464 1569 539 1616 motis
553 1568 654 1616 mutari·
668 1569 706 1617 lta
725 1568 805 1616 codex
819 1567 922 1623 Ursini,
935 1580 960 1618 ut
971 1568 1017 1617 edi·

340 1639 398 1693 dere
416 1638 540 1688 Manutius
559 1671 568 1694 ,
589 1639 736 1694 Lambinus,
757 1639 783 1688 ἂ
800 1640 928 1690 Davisius.
941 1638 1016 1706 Vulgi

311 1726 313 1730 ’
337 1708 473 1778 possint&
491 1719 589 1759 mutare.

380 1796 450 1839 120,
466 1795 492 1846 3.
508 1783 543 1831 Et
560 1783 605 1832 illa
620 1781 691 1848 effici.
705 1783 743 1832 lta
763 1783 814 1832 duo
831 1784 894 1850 regii
909 1785 1016 1840 codices.

339 1866 368 1903 ut
387 1855 485 1904 edidere
505 1855 634 1905 Ascensius
653 1855 679 1905 ὅ(
696 1855 830 1909 Vittorius.
849 1856 971 1924 vulgae
988 1856 1019 1904 itt

394 1945 413 1976 ι.
564 1943 566 1949 .

340 1924 441 2053 ‚ifflibib
462 2014 506 2049 20.
529 1998 594 2071 Quia
612 1993 673 2047 nihil
690 1998 764 2049 aliter
776 1998 855 2066 possit
867 2034 875 2048 .
887 2034 914 2050 ..
931 1999 974 2050 ire.
986 1999 1018 2048 ita

340 2071 455 2122 Davisius
473 2087 487 2120 e
506 2070 652 2136 conjetiura.
675 2068 723 2120 Pro
745 2070 781 2120 ire
806 2072 906 2122 codices
932 2073 1016 2121 habent

341 2143 389 2192 iter
412 2154 452 2192 aut
471 2143 638 2198 imersnulto
656 2142 710 2191 sens
725 2176 732 2190 .

382 2229 454 2271 tar,
476 2229 517 2276 17.
537 2215 618 2264 Animi
634 2213 778 2263 notionibus.
796 2213 833 2263 ita
852 2232 866 2264 e
883 2214 963 2265 veteri
980 2228 1018 2262 co·

340 2285 396 2332 dice
414 2287 562 2341 Lambinus,
579 2290 729 2350 probantque
751 2286 883 2336 Turnebus
903 2289 928 2337 bt
946 2287 1019 2335 Euhe-

339 2356 408 2412 tius,
431 2372 475 2418 pro
494 2359 592 2423 vulgato
606 2357 756 2406 motionibus.

332 2444 336 2449 ·
377 2426 438 2475 lbid.
456 2441 498 2491 32.
515 2426 572 2476 Hctt
593 2444 644 2477 erut
660 2429 711 2480 illis
726 2429 811 2494 prima.
831 2430 914 2480 Locus
928 2429 1017 2479 vitietur

341 2516 424 2565 patum
443 2500 510 2552 sanus
526 2502 646 2559 Davisio‚
661 2502 701 2566 qui
720 2503 802 2550 mallet
819 2504 867 2551 Aac
886 2517 938 2551 erat
954 2498 1020 2567 disci-

338 2571 417 2639 plina.
435 2573 502 2622 idem
519 2591 574 2623 mox
593 2591 636 2637 pro
654 2569 845 2639 disputationes,
864 2575 962 2639 reponit
975 2591 1020 2622 nt·

341 2657 444 2693 tatrones
461 2658 502 2693 aut
520 2645 699 2695 immutationes.
752 2680 755 2689 ·

383 2731 448 2774 122,
467 2729 510 2776 ²9·
526 2717 666 2783 Diligenter
681 2718 765 2767 eis...
785 2718 920 2768 utebantur.
938 2710 1021 2769 itari·

342 2787 393 2853 gii,
411 2801 437 2837 ut
457 2788 528 2836 etiam
549 2787 654 2838 Lambini
674 2791 700 2840 δι
717 2789 819 2845 Davisii,
834 2793 933 2846 cndices
951 2825 958 2849 ,
977 2807 1020 2858 pro

342 2861 442 2924 vulgatu
456 2892 463 2916 ,
483 2859 607 2925 diligenter
622 2878 650 2909 ea
660 2896 667 2910 .
679 2895 704 2911 ..
725 2861 861 2912 tuebantur.

382 2944 452 2992 123,
473 2946 505 2991 25
530 2930 579 2979 Sed
601 2950 648 2997 quae
674 2949 741 2982 erant
765 2931 890 2999 sumenda.
919 2936 1023 3003 Reponit

301 3022 303 3028 ·
341 3000 457 3051 Davisius
476 3034 484 3059 ,
499 2999 545 3066 sed
557 3020 605 3066 quat
624 3020 691 3055 erant
707 3006 793 3056 media.
818 3037 821 3042 ·

381 3086 457 3134 124,
485 3088 525 3137 14.
555 3073 674 3148 Quumque
700 3078 951 3146 perturbationes...
978 3097 1023 3132 not
