2709 4017
434 504 594 572 le
622 517 836 579 mune·
893 522 969 600 157

285 614 333 678 Ex
352 615 428 676 haci
449 620 503 679 itur
519 616 590 676 illud
610 615 748 691 efficitur,
761 619 784 675 si
804 617 969 683 mortalium

285 712 365 757 tanta
384 638 537 758 mititudo
551 698 589 760 sit
596 740 608 768 ,
619 695 675 758 effe
687 697 889 756 immortalium
906 719 967 758 non

285 778 453 851 minorem3
475 778 508 836 &
524 778 568 850 si,
592 797 655 857 quae
671 780 855 850 interimant,
876 779 967 837 innu„

284 858 433 917 merabiiia
442 859 497 917 sint
510 902 519 930 ‚
533 859 620 917 etiam
631 877 685 931 ea,
698 878 761 938 quae
778 856 968 932 censentem,

283 934 395 997 infinita
410 937 467 998 effe
484 938 605 998 debere.

329 1036 375 1098 5¹·
396 1016 434 1078 Et
452 1037 581 1098 quaerere
594 1039 611 1077 a
626 1016 733 1091 nobis,
751 1015 868 1090 Balbe,
888 1016 968 1078 sole·

283 1097 341 1172 tis,
360 1119 424 1179 quae
441 1101 502 1159 vita
520 1097 641 1158 deorum
661 1099 715 1170 sit,
735 1116 854 1179 quaeque
873 1097 909 1156 ab
931 1100 966 1157 iis

283 1175 406 1257 degatur
423 1196 501 1238 aetas.
514 1174 557 1236 Ea
573 1176 733 1250 videlicet,
749 1178 805 1256 qui
816 1177 885 1236 nihil
894 1178 967 1238 bea·

281 1258 362 1328 tius,
378 1257 448 1316 nihil
464 1257 597 1317 omnibus
614 1258 700 1316 bonis
716 1254 874 1316 affluentius
886 1259 967 1339 cogi·

281 1336 339 1394 tari
355 1335 467 1415 potest:
491 1337 562 1396 nihil
577 1337 656 1395 'enim
672 1338 730 1416 agit
745 1355 755 1407 3
774 1337 857 1395 nullis
876 1357 967 1396 occu·

305 1417 449 1476 ationibus
460 1414 501 1477 est
512 1415 695 1495 implicatum
707 1415 784 1474 nulla
796 1432 887 1496 opera
899 1436 967 1476 mo·

280 1436 368 1568 Etim
389 1496 437 1556 sui
454 1494 591 1576 sapientiai
606 1495 756 1556 &virtute
773 1495 896 1576 gaudet:
913 1497 966 1556 he·

280 1575 334 1635 bet
353 1578 535 1658 exploratum
548 1575 611 1636 fore
624 1574 653 1636 se
666 1573 779 1656 semper
788 1595 849 1634 tum
860 1577 891 1635 in
902 1596 966 1638 ma·

280 1657 385 1729 ximis‚
399 1675 462 1716 tum
476 1658 507 1716 in
523 1657 635 1716 aeternis
651 1656 861 1735 voluptatibus.

322 1734 396 1795 XX.
418 1737 505 1796 Hunc
521 1734 616 1796 ¹deum
641 1736 694 1794 rite
716 1733 834 1796 beatum
855 1734 964 1796 dixeris

279 1835 344 1875 mus
357 1835 368 1887 ·,
383 1815 510 1876 vestrum
525 1816 598 1875 verb
610 1815 874 1875 laboriosissimum.
893 1814 970 1878 Sive.

279 1897 360 1954 enim
383 1894 441 1973 ipse
459 1893 583 1954 mundus
603 1892 675 1953 deus
695 1892 755 1966 est,
797 1895 849 1953 uid
867 1893 962 1974 potest

278 1972 339 2033 effe
357 1977 450 2034 minim
466 1976 597 2054 quietum
616 2016 629 2045 ,
647 1972 734 2053 quim
751 1915 831 2033 miilo
854 1973 962 2053 punsto

279 2055 422 2132 temporis
440 2050 596 2113 intermiffo
618 2052 724 2112 versari
747 2055 852 2113 circ'um
879 2072 963 2114 axem

279 2135 347 2193 coeli
374 2132 728 2208 admirabiliseleritate?
754 2134 808 2192 nisi
853 2136 960 2195 uietum

279 2230 377 2273 autem
388 2258 399 2288 ‚
410 2214 478 2273 nihil
490 2214 606 2273 beatum
622 2211 673 2273 est.
684 2211 752 2272 Sive
763 2214 795 2272 in
803 2155 862 2293 ipio
876 2234 962 2274 mun·

280 2292 320 2354 do
340 2294 410 2354 deus
421 2291 494 2355 inest
511 2292 632 2373 aliquis,
652 2296 704 2374 qui
717 2310 817 2375 regat,
836 2296 888 2374 qui
906 2315 963 2376 gu·

279 2372 401 2447 bernet,
419 2377 469 2455 qui
489 2372 585 2434 cursus
600 2372 766 2446 astrorum,
787 2377 961 2437 mutationes

279 2469 466 2534 temporum,
484 2473 583 2515 rerum
596 2454 807 2516 vicissitudines
829 2454 962 2522 undines-

279 2553 336 2613 que
353 2533 506 2596 conservet
523 2577 533 2604 ,
549 2549 638 2593 terras
659 2534 692 2592 &
716 2533 804 2592 maria
822 2551 960 2594 comem·

279 2613 379 2693 plans,
398 2615 548 2674 hominum
568 2612 725 2673 commoda
740 2611 868 2693 vitasque
880 2631 962 2677 tueap

278 2709 346 2764 tut3
362 2702 407 2753 n'ae
420 2695 469 2755 ille
486 2692 527 2754 est
545 2695 707 2774 implicatus
724 2691 852 2754 molestis
868 2714 961 2776 nego·

279 2772 325 2831 tiis
344 2771 377 2832 δι
394 2794 413 2832 ο
435 2775 535 2835 erosis.

323 2868 370 2930 53.
423 2875 457 2913 os
473 2871 569 2914 autem
582 2851 697 2913 beatam
717 2853 807 2914 vitam
825 2855 855 2913 in
870 2853 958 2912 animi
1037 2853 1040 2860 '

276 2929 447 3008 securitate,
467 2935 499 2997 &
519 2935 549 2993 in
569 2936 700 2996 omnium
720 2936 873 3000 vacatione
893 2951 960 2991 mue

277 3031 379 3076 nerum
396 3015 548 3097 ponimus:
569 3014 666 3077 docuit
684 3015 839 3102 enim'nos
855 3010 960 3101 idem,

1005 3344 1092 3535 ί
