2709 4017
427 532 590 600 errn
621 539 823 602 nur-‘nun
888 531 962 628 383

278 663 345 709 rem
357 645 458 706 animis
493 645 778 726 erturbarionemque
796 645 904 708 afferret.
923 646 970 708 En
1035 701 1038 705 ,

279 749 341 808 quo
358 729 445 788 etiam
456 668 662 807 ‘dythagoriois
681 729 861 788 interdidium
881 745 969 808 puta·

281 828 328 868 rur
345 851 355 880 ,
375 826 416 866 ne
444 803 510 866 faba
536 805 750 880 vescerentur,
777 809 857 891 quod
883 808 970 868 habet

281 888 465 948 inflationem
484 907 619 968 magnam
635 889 659 946 is
681 887 788 960 cibus,
812 890 972 970 tranquilli·

282 969 334 1030 tati
345 968 472 1039 mentis,
494 970 646 1050 quaerentis
663 987 752 1041 vera,
768 973 951 1029 contrariam.

289 1085 291 1089 ·
324 1048 376 1128 63.
396 1047 498 1129 Quum
529 1067 601 1129 ergo
626 1045 668 1107 est
696 1047 798 1109 somno
822 1051 973 1110 sevocatus

284 1130 399 1188 animus
418 1149 436 1186 a
454 1127 610 1200 societate,
629 1128 663 1187 δι
684 1149 701 1186 a
719 1134 894 1212 contagione
909 1138 976 1190 co'r-

309 1211 388 1282 oris,
401 1224 463 1268 tum
485 1211 617 1268 meminit
634 1213 877 1287 praeteritorum,
896 1218 976 1290 ·prae·'

285 1231 380 1350 {entia
396 1289 510 1361 cernit,
530 1287 790 1366 futura-praevidet.
807 1291 888 1352 Jacet
899 1295 978 1351 eni'm'

288 1388 396 1450 eorpus
411 1361 581 1428 dormientis
596 1413 607 1439 ‚
622 1385 655 1427 ut
666 1372 804 1442 -mortui3
823 1375 904 1453 viget
914 1392 978 1430 'au-

289 1448 419 1523 tem‚ss&
436 1451 509 1508 vivit
528 1452 659 1508 animus:
677 1450 757 1528 quod
775 1451 976 1532 multomagis

290 1529 377 1591 faciet
396 1528 462 1610 post
480 1548 631 1601 mortem,
663 1550 752 1609 quum
768 1534 891 1592 omnino
911 1552 980 1591 cor·

291 1630 367 1695 pore
400 1608 574 1670 excefferit:
601 1612 696 1692 itaque
726 1616 979 1694 appropinqunnue

292 1709 391 1752 morte
404 1691 496 1750 multo
510 1688 551 1750 est
560 1690 695 1751 divinior.
709 1691 785 1753 Nam
797 1695 828 1753 ὃ(
847 1694 876 1753 id
887 1691 978 1774 ipsum

293 1772 425 1842 vident,
450 1769 577 1852 quisunt
597 1772 705 1830 morbo
723 1776 803 1853 gravi
823 1775 855 1832 &
878 1775 985 1832 morti·

295 1849 362 1916 fero
379 1849 472 1913 effedi
490 1895 500 1924 ,
524 1850 772 1913 instaresniortem
789 1874 802 1911 ’.·
820 1854 917 1932 itaque
939 1853 982 1911 hii

288 1932 454 1994 ot'eurmnt
474 1931 650 2013 ,pierumque
680 1934 819 2014 imagines
846 1950 985 1993 mortuo·

297 2033 365 2073 rum
378 2027 528 2092 ;·tumque
543 2014 593 2072 vel
605 2013 732 2072 maxime
753 2013 829 2072 laridi
850 2012 985 2084 studem3

292 2091 408 2175 ¹eosque
429 2094 478 2174 qui
495 2092 608 2167 secus,
634 2091 721 2173 quim
748 2093 875 2168 decuit,
900 2095 987 2154 vixe-

299 2191 391 2246 runt,
413 2191 601 2253 peccatorum
626 2173 741 2234 suorum
769 2192 833 2234 tum
859 2173 986 2241 maxime
1020 2229 1022 2234 .

300 2255 436 2337 poenitet.

345 2334 395 2408 64.
417 2331 559 2393 Divinare
575 2351 674 2395 autern
697 2339 877 2410 morientes,
900 2337 988 2396 etiam

304 2413 357 2477 illo
376 2414 515 2492 exemplo
529 2413 682 2474 confirmat
703 2414 910 2486 Poseidonias,
928 2437 988 2494 quo

305 2492 390 2555 affert
403 2539 419 2568 ,
438 2492 598 2554 Rhodium
631 2498 789 2575 quemdam
815 2499 991 2555 morientem

305 2574 356 2636 sex
378 2574 502 2654 aequales
525 2574 682 2635 nominaffe
700 2621 709 2649 ‚
725 2577 769 2635 .&
792 2574 918 2648 dixiffe,
944 2576 993 2656 qui

307 2657 418 2737 primus
438 2674 560 2728 eorum,
587 2659 634 2736 qui
651 2655 814 2730 secundus,
837 2659 885 2737 qui
909 2656 995 2715 dein-

309 2755 380 2816 ceps
406 2738 560 2795 moriturus
586 2734 666 2797 esset.
698 2735 757 2798 Sed
781 2737 870 2796 tribus
898 2734 994 2796 modis

311 2813 409 2876 censet
424 2815 547 2875 deorum
561 2815 680 2896 appulsu
693 2817 827 2879 homines
837 2816 996 2876 somniare:
1057 2857 1066 2866 -

311 2917 392 2970 uno,
412 2897 490 2978 quod
504 2898 663 2976 prevideat
678 2901 789 2958 animus
805 2896 863 2977 ipse
879 2915 933 2976 per
950 2895 994 2954 se-

311 2976 341 3036 se
352 3021 362 3049 ,
375 2979 484 3058 quippe
502 2979 551 3056 qui
570 2977 692 3036 deorum
707 2981 886 3060 cognatione
896 2994 998 3034 renea·

311 3075 358 3118 tur
370 3079 377 3118 :
395 3059 508 3129 altero,
522 3057 608 3138 quod
616 3059 834 3140 plenorum-sit,
844 3060 997 3118 immortuo
