2709 4017
306 484 390 558 2181
419 483 485 551 Dr
508 496 679 551 unrurtn
705 494 917 570 osonum

304 598 355 661 Est
375 614 471 657 autern
491 595 560 654 nihil
581 593 692 654 mundo
715 594 898 676 perfeitius:
922 598 995 673 nihil

303 684 410 755 virtute
421 677 521 736 melius
532 697 538 734 :
550 677 634 757 igitur
646 676 747 735 mundi
754 674 796 737 est
807 681 927 758 proptia
937 683 995 740 vir·

304 776 360 819 tus.
374 756 438 818 Nec
453 758 526 818 verb
539 756 664 816 hominis
677 773 777 816 natura
786 757 919 838 perfeiia
930 760 971 820 est
983 781 993 834 3

304 840 335 900 &
353 837 474 899 efficitur
492 856 589 897 tamen
598 839 628 895 in
638 837 758 898 homine
775 841 885 898 virtus:
898 861 995 920 quan·

302 921 336 993 ti>
351 921 434 1001 igitur
450 918 601 976 inmundo
621 916 731 977 facilius
744 917 755 976 ?
771 917 812 978 est
826 939 900 1001 ergo
912 923 942 980 in
955 941 993 982 eo

302 999 526 1079 virtustsapiens
540 996 579 1058 est
591 999 676 1079 igitur
686 1019 694 1071 3
704 1000 901 1080 &propterea
908 1001 992 1062 deus.

344 1079 420 1140 XV.
444 1081 544 1159 Atque
560 1079 614 1138 hac
628 1079 729 1139 mundi
748 1079 900 1140 divinitate
923 1102 992 1163 per-

303 1159 420 1243 speiiri,
437 1160 589 1220 tribuenda
606 1158 646 1220 est
665 1159 805 1221 sideribus
823 1160 929 1222 eadem
950 1164 994 1222 di·

302 1245 429 1316 vinitas;
447 1262 512 1322 quae
528 1261 564 1302 ex
577 1239 765 1300 mobilissima
781 1243 990 1324 purissimaque

303 1325 417 1384 aetheris
435 1339 515 1403 parte
531 1324 706 1404 gignuntur3
725 1341 820 1401 neque
837 1322 897 1381 ulls
916 1346 992 1404 prae·

304 1420 386 1465 terea
405 1403 468 1464 sunt
492 1401 610 1463 admista
633 1402 762 1472 neutri,
786 1418 907 1482 totaque
926 1403 992 1466 sunt

304 1486 396 1556 talida
415 1503 499 1563 atque
517 1482 680 1563 perlucida:
695 1499 726 1542 ut
738 1500 772 1543 ea
789 1503 907 1563 quoque
927 1504 990 1545 rec·

303 1565 412 1623 tissime
434 1566 465 1623 ὅ(
486 1565 641 1623 animantia
658 1559 741 1636 effe,
766 1562 798 1624 δι
823 1562 928 1624 sentire
948 1581 992 1625 at·

305 1664 362 1724 que
381 1643 542 1723 intelligere
560 1642 701 1702 dicantur.

346 1742 395 1798 40.
419 1723 460 1783 At
482 1743 518 1782 ue
540 1742 575 1782 ea
594 1722 714 1805 quidem
732 1738 796 1782 tota
820 1720 878 1784 effe
902 1725 992 1806 ignea

276 1824 278 1829 ·
306 1803 432 1864 duorum
462 1745 594 1864 iensuum
628 1802 794 1866 testimonio
825 1803 992 1866 confirmari

307 1883 466 1953 Cleanthes
483 1903 580 1967 putat,
591 1883 679 1944 taiiits
691 1887 723 1946 &
738 1883 899 1945 oculorum.
910 1885 940 1945 N
943 1908 991 1947 arn

303 1965 371 2026 solis
385 1965 492 2027 candor
503 1964 634 2026 illustrior
650 1963 692 2027 est
705 1964 791 2044 quim
802 1964 885 2025 ullius
897 1968 990 2047 ignis,

303 2050 414 2129 quippe
438 2048 486 2126 qui
512 2045 652 2106 immenso
676 2044 788 2104 mundo
816 2061 876 2104 tant
900 2048 953 2109 lon
976 2049 991 2107 ὲ

305 2129 422 2209 lateque
443 2127 606 2186 colluceat:
628 2127 659 2184 &
681 2128 704 2182 is
726 2123 787 2201 ejus
809 2125 901 2186 taiius
924 2149 941 2188 e
980 2173 990 2203 ‚

305 2229 366 2266 non
384 2225 416 2274 ut
432 2205 586 2286 tepefaciat
605 2203 717 2273 solum,
738 2203 786 2262 sed
806 2208 895 2265 etiam
913 2207 990 2289 saepe

304 2286 475 2355 comburat3
492 2304 616 2364 quorum
632 2299 764 2342 neutrum
782 2281 916 2360 faceret,
938 2290 992 2348 nisi

304 2365 374 2426 effet
383 2369 493 2446 igneus.
505 2363 599 2444 Ergo,
611 2366 720 2443 inquit,
730 2384 818 2442 quum
831 2363 873 2424 sol
887 2371 991 2449 igneus

303 2450 367 2518 sit,
393 2445 564 2525 Oceanique
585 2445 675 2502 alatur
695 2444 893 2520 humoribus,
921 2452 990 2529 quia

303 2526 396 2588 nullus
418 2527 490 2608 ignis
511 2529 572 2586 sine
590 2524 670 2606 pastu
687 2525 784 2605 aliquo
803 2530 894 2606 possit
915 2549 991 2608 per·

303 2627 446 2679 manere3
466 2605 580 2668 neteffe
604 2605 671 2680 est,
697 2624 744 2665 aut
773 2608 799 2665 ei
826 2608 926 2667 similis
953 2614 991 2672 sit

303 2690 384 2771 igni,
405 2708 492 2769 quern
506 2688 674 2748 adhibemus
693 2687 730 2746 ad
744 2684 823 2744 usum
838 2707 928 2769 atque
951 2691 989 2751 ad

303 2769 435 2842 viiium3
459 2786 506 2827 aut
519 2771 545 2828 ei
562 2812 572 2841 ‚
591 2770 641 2849 qui
659 2767 830 2847 corporibus
852 2771 990 2831 animan·

302 2853 375 2913 tium
390 2852 562 2910 continetur.

345 2951 394 3006 41.
415 2930 513 3009 Atque
530 2929 575 2988 hic
593 2925 690 2986 noster
706 2929 801 3007 ignis,
819 2948 909 3009 quern
922 2928 988 2990 usus

300 3011 369 3075 vitae
389 3011 534 3094 requirit,
556 3006 704 3070 contestor
725 3006 766 3068 est
791 3008 823 3069 &
848 3009 989 3072 consum·
