2709 4017
729 481 1123 553 .·LIBER
1187 496 1638 551 τεκτιυε.
1770 500 1929 576 337

566 592 810 656 venisset
837 595 1002 657 Jovis
1024 584 1329 678 Olympii,
1368 616 1605 657 aureum
1645 596 1701 658 ei
1736 597 1932 658 detra-

571 679 652 737 xit
680 675 987 737 amiculum
1009 724 1030 751 ‚
1071 677 1271 759 grandi
1299 677 1565 757 pondere
1596 721 1615 751 ‚
1657 699 1775 760 quo
1818 679 1927 740 Jo-

570 776 709 817 vem
745 772 975 817 ornarat
1028 777 1102 818 ex
1147 756 1428 819 manubiis
1477 756 1927 840 Carthaginien-

571 839 718 897 sium
746 852 1023 917 tyrannus
1070 836 1269 900 Gelo:
1313 855 1485 919 atque
1530 841 1587 898 in
1627 859 1701 899 eo
1748 843 1925 900 etiam

571 914 862 979 cavillatus
914 914 995 977 est
1025 962 1046 991 ‚
1086 917 1276 979 aestate
1323 938 1502 999 grave
1534 916 1646 978 effe
1689 940 1928 982 aureum

570 997 870 1059 amiculum
893 1040 914 1070 ‚
936 998 1128 1060 hieme
1159 998 1467 1080 frigidum3
1498 1001 1664 1080 eique
1695 1000 1930 1062 laneum

569 1079 805 1159 pallium
859 1074 1053 1155 injecit
1097 1124 1116 1153 ,
1175 1100 1351 1160 quum
1384 1079 1443 1138 id
1483 1077 1595 1140 esse
1633 1080 1705 1138 ad
1744 1102 1927 1142 omne

571 1160 706 1219 anni
740 1175 970 1238 tempus
1017 1160 1255 1220 diceret.
1304 1157 1583 1240 Idemque
1617 1159 1926 1242 AEsculapii

574 1236 843 1319 Epidauri
913 1239 1172 1300 barbam·
1211 1259 1440 1299 auream
1500 1239 1654 1298 demi
1715 1236 1876 1317 jussit
1909 1264 1929 1314 ;

572 1337 761 1399 neque
814 1320 972 1379 enim
1028 1321 1344 1380 convenire
1383 1364 1402 1392 ‚
1466 1319 1765 1378 barbatum
1815 1319 1929 1382 effe

569 1396 788 1472 filium,
869 1419 1003 1459 uum
1042 1402 1103 1460 in
1141 1400 1410 1460 omnibus
1437 1397 1580 1459 fanis
1622 1415 1783 1479 pater
1816 1403 1931 1462 im-

570 1479 762 1549 berbis
785 1421 944 1539 estet.

581 1612 590 1617 -
647 1557 748 1634 84.
788 1559 915 1620 Jam
948 1557 1166 1618 mensas
1210 1574 1507 1641 argenteas
1543 1559 1617 1620 de
1656 1559 1928 1621 omnibus

571 1638 821 1700 delubris
875 1638 1035 1718 jussit
1075 1638 1279 1698 auferri
1321 1661 1341 1714 ·‚
1399 1641 1456 1698 in
1509 1641 1714 1722 quibus
1767 1641 1928 1720 qubd

569 1740 734 1781 more
786 1721 1000 1780 veteris
1054 1716 1295 1780 Graeciae
1352 1719 1679 1800 inscriptum
1732 1721 1871 1781 esset
1911 1766 1935 1794 ,

569 1803 847 1862 Bonorum
898 1803 1173 1869 Deorum,
1214 1800 1298 1858 uti
1339 1797 1395 1858 se
1433 1819 1637 1859 eorum
1665 1802 1931 1861 bonitate

570 1880 725 1942 velle
746 1879 996 1939 dicebat.
1018 1876 1185 1937 Idem
1207 1877 1555 1938 Viam-iolas
1587 1900 1784 1940 aureas
1805 1924 1828 1951 ,
1864 1881 1932 1939 &

570 1978 796 2042 pateras
852 1956 1203 2038 coronasque
1242 2002 1262 2031 ‚
1319 1977 1448 2038 quae
1497 1960 1932 2021 simulacrorum

617 2039 846 2101 orrefiis
869 2040 1129 2101 manibus
1160 2036 1610 2113 sustinebantur,
1650 2043 1771 2101 sine
1814 2040 1930 2099 du·-

569 2063 852 2182 Kitatione
904 2120 1148 2180 tollebat
1186 2140 1203 2191 3
1269 2117 1471 2200 easque
1516 2119 1576 2180 se
1623 2124 1931 2201 accipere,

571 2223 695 2262 non
727 2201 950 2262 auferre
966 2245 987 2271 ‚
1009 2200 1268 2260 dicebat:
1295 2197 1407 2260 esse
1434 2202 1587 2261 enim
1607 2200 1931 2274 stultitiam,

573 2303 608 2341 a
634 2281 836 2361 quibus
868 2281 1023 2342 bona
1061 2299 1424 2363 precaremur
1455 2326 1474 2354 ‚
1525 2283 1596 2342 ab
1634 2284 1697 2342 iis
1779 2285 1932 2344 orri-

571 2363 839 2444 gentibus
875 2363 938 2422 &
976 2361 1239 2422 dantibus
1284 2363 1440 2422 nolle
1467 2361 1710 2425 sumere.
1800 2385 1934 2422 um·-

574 2444 828 2522 demque
860 2442 1049 2503 ferunt
1098 2443 1221 2500 haec
1251 2484 1273 2511 ,
1327 2463 1455 2522 quae
1509 2443 1664 2515 dixi,
1718 2442 1936 2502 sublata

575 2522 651 2582 de
677 2521 820 2593 fanis
842 2566 860 2596 ,
889 2525 947 2581 in
981 2522 1169 2582 forum
1199 2519 1489 2600 protulisse
1513 2567 1533 2595 ‚
1561 2523 1625 2580 ὅ(
1648 2541 1750 2601 per
1778 2545 1933 2603 prae-

573 2623 787 2675 eonem
816 2600 1127 2663 vendidisse
1152 2623 1171 2674 ;
1211 2601 1524 2682 exafflique
1539 2602 1780 2681 pecunia
1805 2604 1932 2662 edi-

573 2680 711 2744 xiffe
733 2698 887 2757 „ut,
929 2683 1091 2765 quod
1124 2679 1355 2762 quisque
1393 2703 1426 2740 a
1452 2678 1613 2741 sacris
1650 2681 1888 2742 haberet
1909 2725 1932 2753 ,

573 2763 636 2823 id
665 2778 797 2823 ante
831 2764 986 2824 diem
1024 2767 1325 2823 certamin
1365 2759 1810 2843 suum-quidque
1841 2760 1934 2818 fa-

536 2841 1003 2919 finum-referret.
1039 2841 1128 2919 Ita
1165 2843 1238 2902 ad
1265 2844 1627 2922 impietatem
1652 2843 1710 2900 in
1747 2840 1932 2909 deos,

574 2928 637 2987 iu
673 2918 941 3002 homiues
974 2924 1229 3004 adjunxit
1260 2921 1546 3002 injuriam.

621 2994 1130 3148 ,ξΧΧῪ-,ἐῖἰιιῑιε
1154 3006 1322 3085 igitur
1349 3022 1458 3065 nec
1493 2998 1812 3134 Οὶγῐῐὲρίῑὶὸ
1839 2992 1939 3057 Ju-

661 3112 666 3119 '
702 3100 874 3144 mnes
1006 3124 1030 3145 1
