2709 4017
380 482 538 554 Ltaan
565 478 844 554 -sncuu'u'vn
887 490 963 579 505

279 596 360 661 enim
381 592 428 656 ¹uvi
450 596 530 673 velat
551 597 629 656 nulia
645 582 856 659 iehementiits.
881 597 961 657 Huic

281 678 379 737 eidem
399 675 549 756 ¹Antipho,
569 676 664 749 Bato,
681 680 790 759 inquit,
804 697 835 738 te
851 677 962 737 vidium

281 754 405 817 essenon
415 756 517 816 vides?
533 755 582 816 istu
591 759 667 818 enim
677 761 738 817 avis
746 757 883 817 insedans
893 757 966 818 aliat'

279 855 351 898 aves
364 837 422 896 &a
442 838 514 895 itans
528 878 536 909 ,
550 836 662 917 semper
670 837 728 918 ipsa
737 836 879 918 postrema
890 837 941 898 est.

288 938 291 943 ·
325 934 402 997 ¹45··
433 926 513 976 a're'te
529 917 661 998 quaedam
678 924 811 978 t'nattona
823 918 963 998 cupiensv,'

279 995 413 1056 dubitans
425 994 531 1056 effetne
544 1017 693 1077 praegnans
702 1042 712 1070 ‚
722 997 781 1057 visa
790 995 830 1057 est
839 999 868 1056 in
879 1001 962 1077 quieh

279 1091 311 1136 te
335 1076 515 1157 obsignatam
542 1077 649 1138 habete
676 1093 815 1136 naturam.
839 1076 964 1140 Retulit·¹

279 1154 409 1238 Negavit
428 1173 493 1217 eant
505 1199 515 1228 ,
529 1159 666 1236 quoniam
679 1159 828 1239 obsignata
846 1153 964 1231 fuiffetf

279 1238 435 1316 concipere
453 1235 584 1316 potuisse.
603 1235 645 1296 'Aa
658 1237 749 1310 alter,
763 1255 960 1374 ptaeffinantem

280 1313 339 1379 effe
359 1317 448 1375 dixit:
464 1336 530 1374 nam
542 1319 626 1377 inane
638 1317 702 1377 obsi
724 1318 782 1376 nati
793 1319 822 1374 ni
843 1317 862 1375 il
880 1315 960 1375 sole-

279 1416 322 1457 re.
343 1395 421 1476 Quae
437 1394 477 1455 est
494 1393 543 1455 ista
554 1418 598 1455 aas
612 1337 802 1474 comederis,
815 1395 959 1456 eludentis

279 1478 310 1536 in
332 1476 420 1537 enin?
441 1497 477 1535 an
492 1495 545 1548 ea,
566 1497 629 1557 quae
642 1477 718 1548 dixi,
739 1477 770 1537 &
792 1478 961 1535 innumera·

279 1497 369 1629 bida,
392 1576 456 1636 quae
479 1556 597 1616 c'olledia
619 1557 726 1617 habent
745 1557 855 1630 Stoici,
873 1555 959 1637 quid·

279 1657 368 1717 quam
382 1633 558 1716 significant,
578 1638 631 1696 nisi
648 1658 767 1697 acumen
788 1637 964 1711 hominum‚'

279 1736 318 1776 ex
336 1716 520 1776 similitudine
542 1716 635 1796 aliqua
656 1716 850 1795 conjeduram
866 1717 960 1775 modu

279 1796 337 1856 huc
347 1841 357 1870 ,
367 1796 458 1854 modi>
471 1795 536 1853 illuc
550 1797 737 1855 ducentium?
755 1788 864 1855 Medici
876 1797 959 1875 signa

280 1876 412 1957 quaedam
422 1875 573 1935 habentex
583 1877 665 1935 venis
676 1877 707 1934 δι
715 1896 751 1935 ett
762 1874 857 1953 spiritu
868 1894 962 1954 aegro·

280 1959 329 2027 ti;
352 1955 501 2035 multisque
515 1974 551 2014 ex
571 1955 631 2013 aliis
652 1953 743 2014 fututa
766 1953 960 2033 praesentiunti

280 2034 502 2097 Gubernatotes
524 2055 610 2115 quum
632 2034 802 2093 exsultantes
826 2033 959 2114 loligines

279 2115 426 2189 viderint,
446 2131 494 2174 aut
505 2115 656 2193 delphinos
669 2113 697 2174 se
710 2117 740 2172 in
754 2131 869 2190 portum
886 2133 959 2172 con·

279 2193 437 2275 ficientes,
457 2193 656 2272 tempestatem
674 2192 823 2275 significari
845 2205 963 2273 putant&

282 2275 356 2336 Haec
375 2273 486 2333 ratione
503 2273 656 2352 explicati,
672 2275 703 2334 &
716 2274 753 2334 ad
772 2289 900 2334 naturam
921 2272 962 2333 fa·

281 2356 336 2433 uile
350 2356 480 2414 revocari
493 2352 622 2433 possunt:
642 2373 676 2414 ea
691 2356 763 2416 veri>
773 2400 781 2429 ‚
793 2375 855 2437 quae
872 2354 961 2435 paulb

282 2435 350 2496 ante
366 2435 442 2504 dixi,
459 2434 538 2493 nullo
551 2434 654 2493 modo.
706 2446 709 2451 ’

325 2512 450 2574 LXXI.
478 2514 527 2588 At¹
540 2516 616 2573 enim
642 2511 804 2573 observatio
829 2512 961 2574 diuturna

281 2593 299 2734 ἱ
312 2594 372 2652 haec
385 2596 463 2653 enim
472 2615 537 2673 pars
550 2615 604 2652 una
614 2592 718 2672 restat)
732 2592 862 2652 notandis
873 2593 962 2653 tebus

296 2676 352 2734 ecit
368 2691 468 2734 artem.
487 2672 534 2732 An
552 2674 669 2733 tandem
689 2672 799 2732 somnia
813 2671 960 2734 observari

282 2751 421 2836 poss‘unt?
439 2774 565 2834 quonam
576 2753 666 2812 modo
680 2753 691 2812 ἓ
709 2753 770 2813 sunt
786 2755 860 2813 enim
874 2755 959 2810 innu-

283 2834 437 2895 metabiies
454 2836 615 2893 varietates.
638 2833 715 2892 Nihil
730 2851 787 2893 tam
800 2829 959 2912 ptaeposted

281 2915 335 2987 τὲ,
354 2931 412 2971 tam
431 2913 594 2986 incondite,
611 2931 670 2972 tam
681 2911 857 2972 monstruose
874 2911 959 2989 cogi·

280 2997 336 3057 tati
348 2991 460 3073 potest,
481 2993 561 3071 quod
573 3015 634 3056 non
644 2995 787 3074 possimus
809 2990 961 3055 somniare}

327 3077 427 3136 Tamus
447 3073 511 3136 lx.
832 3069 862 3140 Y,
