2709 4017
433 466 590 547 Linea
626 493 835 549 antuus.
887 490 979 571 4092·

279 587 435 671 inpetus,
460 590 510 652 sed
529 593 647 665 rationis
669 594 799 654 humanae
817 615 827 668 ;
849 612 915 653 nam
935 593 967 652 &

282 671 384 731 naturh
408 668 501 732 futura
527 672 709 753 praesentiunt
733 719 742 747 ‚
770 692 801 733 ut
828 694 980 754 aquarum-

281 751 425 810 ssttxiunes
448 752 478 811 δι
507 751 744 835 deflagrationem
768 754 890 813 futuram
912 754 968 812 ali-

281 830 401 912 quando
418 832 484 890 coeli
504 849 590 912 atque
611 850 761 893 terrarum.
791 833 849 892 Alii
868 849 982 893 autem·¹

280 912 313 974 in
331 911 477 993 republica
496 915 665 985 exercitati,
684 932 716 974 ut
734 914 771 974 de
793 912 966 973 Atheniensi

282 990 395 1053 Solone
411 995 575 1072 accepimus
593 1038 602 1066 ,
619 996 763 1054 orientem
780 993 966 1074 tyrannidem

281 1071 375 1134 multh
398 1072 465 1132 ante
486 1073 685 1154 prospiciunt3
708 1095 781 1155 quos
808 1075 966 1155 prudentes

281 1149 430 1233 possumus
446 1152 563 1227 dicere,
578 1153 609 1212 id
623 1151 664 1214 ell
675 1199 686 1226 ‚
699 1155 887 1233 providentes
899 1175 908 1225 ;
921 1153 968 1213 di-

281 1233 369 1296 vinos
390 1233 471 1292 nullo
490 1234 582 1293 modo
603 1232 774 1312 poffumus;
797 1255 857 1293 non
875 1234 966 1314 plus,

282 1312 372 1394 quitur
390 1311 540 1374 Milesium
555 1312 701 1389 Thalem,
717 1315 765 1395 qui
781 1329 813 1372 ut
830 1312 967 1394 objurga·

282 1411 364 1453 tores
393 1390 458 1452 suos
495 1395 710 1468 convinceret,
744 1391 966 1474 ostenderetque

282 1475 371 1534 etiam
391 1471 616 1554 philosophum,
632 1476 656 1533 si
672 1475 699 1549 ei
717 1474 904 1534 commodum
921 1493 968 1532 es·

282 1553 327 1618 set
350 1598 361 1628 ,
389 1555 543 1634 pecuniam
573 1552 668 1614 facere
697 1552 777 1633 poffe
802 1598 812 1627 ,
844 1573 964 1613 omnem

282 1634 399 1708 oleam,
409 1651 565 1714 antequam
578 1633 684 1695 florere
694 1632 843 1713 coepillet,
854 1638 881 1693 in
893 1655 964 1716 agro

283 1714 404 1776 Milesio
424 1712 557 1776 co'e'miffe
576 1714 688 1775 dicitur.
709 1713 966 1775 Animadverterat
1056 1722 1059 1727 '

283 1791 400 1859 sortasse
418 1794 541 1875 quddam
555 1793 691 1867 selemith,
707 1795 837 1854 olearum
852 1796 968 1853 uberta·

265 1940 268 1945 ,
283 1892 348 1939 tem
367 1874 441 1935 fore.
462 1873 499 1935 Et
514 1874 636 1956 quidem
649 1875 728 1932 idem
746 1877 853 1953 primus
865 1873 979 1934 defec-⁴

282 1959 398 2016 tionem
414 1953 499 2027 solis,
513 1977 576 2038 quae
597 1952 728 2047 Astyage
742 1971 881 2034 regnante
893 1953 978 2027 sada,

284 2034 348 2109 est,
369 2035 526 2117 praedixille
542 2035 642 2096 fertur.

297 2171 301 2177 .
333 2115 368 2176 L.
392 2115 488 2178 Multa
512 2116 648 2190 medici,
668 2114 758 2176 multa
783 2114 965 2197 gubernato·

284 2217 360 2271 res,
385 2197 515 2334 apricolae
535 2199 623 2256 etiam
649 2197 739 2256 multa
762 2194 968 2276 praesentiunt3

285 2277 335 2339 sed
353 2277 402 2336 nul
413 2296 460 2335 am
477 2295 578 2336 eorum
596 2277 805 2336 divinationem
819 2296 913 2336 voco:
929 2296 967 2346 ne

285 2358 365 2418 illam
381 2356 517 2438 quidem,
536 2355 592 2437 qud
608 2357 644 2415 ab
659 2357 877 2417 Anaximandro
891 2358 968 2436 phy-

285 2441 348 2499 sico
367 2438 470 2497 moniti
487 2436 699 2497 Lacedaemoni-i
712 2436 793 2510 sunt,
814 2454 845 2496 ut
862 2439 966 2496 urbem

287 2519 320 2582 &
336 2517 411 2579 teda
422 2518 601 2596 linquerent,
613 2512 770 2596 armatique
785 2519 815 2574 in
832 2536 902 2596 agro
917 2535 968 2576 ert·

286 2599 444 2670 cubarenr,
455 2597 534 2677 qubd
543 2615 625 2656 terrae
637 2614 733 2655 motus
743 2594 874 2666 instaret,
886 2612 966 2671 tum,

286 2699 378 2760 quum
400 2678 433 2737 δι
451 2677 598 2737 urbs'tota
617 2679 723 2737 corruit
741 2721 750 2749 ,
770 2676 802 2734 ὃ(
820 2695 857 2736 ex
876 2695 966 2734 mon-

287 2776 318 2820 te
335 2756 474 2838 Taygeto
493 2775 623 2817 extrema
638 2758 745 2816 montis
763 2758 842 2838 qnasi
861 2756 966 2835 puppis

285 2836 385 2903 euulsa
409 2837 459 2903 est,
485 2836 532 2898 Ne
556 2836 742 2918 Pherecydes
774 2835 891 2918 quidem
918 2834 969 2896 ille

285 2917 461 3000 Pythagorae
480 2915 635 3000 magister,
657 2919 755 2999 potius
778 2917 891 2976 divinus
909 2915 967 2974 ha·

282 2999 401 3067 hebitur
411 3043 421 3073 ,
432 2996 521 3080 quim
538 2999 674 3080 physicus
686 3020 696 3075 3
709 3001 758 3080 qui
771 3017 860 3080 quum
878 2995 971 3073 nidis·4

330 3082 432 3144 Turnus
450 3081 512 3146 IX·
613 3082 617 3087 ’
848 3073 869 3140 S
