2709 4017
338 484 495 554 Lluan
526 498 808 555 saturanum
848 479 922 580 4'31

280 605 332 672 't4
354 597 446 678 Atqui
464 617 503 659 ne
513 598 561 656 illa
576 598 693 678 quidem
708 600 860 660 divinantis
874 600 932 664 elle

241 678 383 752 dicebas,
399 694 526 751 ventos,
545 697 593 737 aut
610 680 718 751 imbres
728 681 932 760 impendentes

242 759 413 841 quibusdam
426 759 589 837 praesentire
606 762 710 854 signis:
725 761 754 820 in
765 781 824 845 quo
835 758 931 826 nostra

243 840 378 920 quaedam
392 838 501 900 Aratea
520 858 691 900 memoriter
711 861 728 899 a
750 857 780 902 te
801 858 932 923 pronun·

244 923 316 980 tiata
325 919 408 980 sunt:
423 923 477 979 etsi
493 922 554 981 haec
569 920 628 1000 ipsa
641 919 759 980 fortuita
770 921 852 993 sunt3
867 923 935 1003 ple-

246 1018 370 1082 rumque
401 1002 510 1076 enim,
543 1021 603 1060 non
638 1001 752 1082 semper
784 1006 935 1066 eveniunt.

246 1078 328 1159 Quae
347 1079 389 1140 est
403 1083 509 1162 igitur,
530 1097 579 1140 aut
593 1081 643 1148 ubi
656 1083 784 1145 versatur
800 1081 935 1144 fortuita-

248 1180 314 1222 rum
330 1178 427 1221 terum
444 1162 614 1240 praesensio,
627 1166 712 1243 qua'tn
725 1162 943 1226 divinationem*

248 1240 364 1303 vocas?
388 1261 452 1322 quae
466 1243 544 1301 enim
561 1240 715 1320 praesentiri
730 1258 779 1301 aut
793 1260 853 1302 arte
864 1289 875 1315 ,
888 1262 938 1306 aut

249 1323 386 1394 ratione,
400 1338 450 1381 aut
466 1321 538 1395 usu,
555 1339 604 1381 aut
622 1319 786 1402 conjedurd
823 1320 916 1384 oll'unt
929 1328 945 1400 ‚'

250 1421 288 1466 ea
297 1423 358 1461 non
368 1401 470 1462 divinis
480 1402 632 1463 tribuenda
644 1420 747 1482 putas,
765 1345 820 1464 sed
827 1407 937 1483 peritis.

251 1480 298 1542 lta
311 1482 498 1563 relinquitur,
512 1499 544 1541 ut
550 1480 593 1542 'ea'
605 1481 858 1544 fortuitrdivinari
872 1484 940 1566 pos·

251 1565 335 1635 sint,
362 1583 427 1643 quae
452 1562 529 1622 nullal
551 1579 702 1635 nectente,
723 1583 777 1624 nec
802 1563 828 1623 sa
851 1565 939 1626 ientid

291 1641 406 1703 otideti
423 1640 558 1723 possuntt
573 1659 624 1713 ut,
639 1646 662 1702 si
673 1646 736 1729 quis
747 1643 793 1704 M.
844 1646 940 1706 arcel-

253 1660 318 1784 lllm
328 1723 428 1795 illum,
448 1726 498 1802 qui
514 1741 559 1783 ter
575 1721 673 1782 consul
689 1724 761 1797 fuit,
779 1726 874 1786 multis
885 1746 940 1785 an-

256 1806 302 1865 nia
319 1804 385 1863 ante
398 1801 508 1862 dixillet
526 1802 675 1883 naufragio
694 1802 750 1864 elle
762 1808 942 1884 periturum,

256 1881 408 1955 divinallet
427 1881 560 1963 profedlb
571 1903 581 1954 ;
610 1883 689 1946 nullal
711 1885 789 1942 enim
809 1902 869 1945 arte
882 1885 944 1963 ‚alit

258 1965 311 2038 i'd,
335 1983 390 2024 nec
410 1962 548 2045 sapientia
568 1961 638 2023 stite
657 1961 801 2043 potuillet.
825 1962 944 2030 Talium

258 2064 332 2126 ergo
347 2064 465 2116 rerum,
480 2065 544 2124 quae
557 2045 586 2101 in
603 2041 719 2103 fortuna
736 2045 839 2124 positae
855 2045 944 2121 sunt,

260 2123 438 2207 praesensio,
454 2124 593 2190 divinatio
608 2121 658 2183 est.
905 2179 908 2185 .

304 2203 361 2266 Vl.
381 2203 517 2265 Potestne
530 2207 616 2288 igitur
629 2224 729 2264 earum
747 2223 842 2266 rerum
855 2212 872 2279 ‚'
882 2225 946 2286 quae

262 2285 335 2348 nihil
354 2285 462 2345 habent
475 2287 614 2357 rationis,
640 2305 728 2366 quate
746 2284 847 2346 futurae
869 2288 947 2360 sint,

263 2367 324 2427 ulla
342 2363 398 2426 ess'e
437 2364 590 2426 rasensio?
611 2363 693 2444 Quid
712 2362 752 2424 est
773 2367 850 2427 enirn
870 2366 948 2426 aliud

265 2446 328 2508 fors
339 2491 348 2520 ‚
358 2388 435 2527 quid
440 2445 555 2506 fortuna
565 2489 575 2519 ,
586 2447 655 2529 quid
670 2444 767 2517 casus,
778 2446 847 2525 quid
858 2466 950 2507 even·

265 2543 335 2605 tata,
358 2529 411 2586 nisi
436 2546 525 2609 quum
553 2528 594 2587 sic
620 2525 729 2605 aliquid
753 2524 884 2597 cecidit,
909 2528 952 2586 sic

267 2609 388 2679 evenit,
403 2621 436 2664 ut
447 2607 497 2668 vel
509 2626 569 2666 non
587 2605 693 2666 cadere
710 2622 797 2684 atque
811 2607 952 2678 evenire,

268 2689 319 2748 vel
334 2688 418 2746 aliter
434 2686 539 2747 cadere
558 2701 644 2767 atque
663 2686 780 2746 evenire
799 2686 953 2767 potuerit?

267 2787 331 2848 quo
346 2767 439 2825 modo
453 2785 524 2847 ergo
535 2765 583 2838 id,
598 2765 802 2855 quorltemete
814 2764 845 2825 fit
855 2785 955 2837 ,caeco

270 2845 358 2918 casu,
375 2846 407 2905 δι
426 2845 608 2906 volubilitate
623 2845 747 2908 fortnnae
767 2890 777 2920 ,
798 2845 954 2926 praesentiri

270 2925 435 3005 &praedici
466 2923 561 2986 otest?
747 2932 754 2944 “

319 3005 365 3076 16.
385 2945 520 3068 Modern
543 3004 681 3074 morbtun
706 3002 958 3104 ingravescentem

858 3132 967 3287 p,
