<?xml version="1.0" encoding="UTF-8"?>
<!DOCTYPE html PUBLIC "-//W3C//DTD XHTML 1.0 Transitional//EN"
    "http://www.w3.org/TR/xhtml1/DTD/xhtml1-transitional.dtd">
<html xmlns="http://www.w3.org/1999/xhtml" xml:lang="en" lang="en">
 <head>
  <title>
</title>
<meta http-equiv="Content-Type" content="text/html;charset=utf-8" />
  <meta name='ocr-system' content='tesseract 3.04.00' />
  <meta name='ocr-capabilities' content='ocr_page ocr_carea ocr_par ocr_line ocrx_word'/>
</head>
<body>
  <div class='ocr_page' id='page_1' title='image "./mtulliiciceroni10lallgoog/mtulliiciceroni10lallgoog_0270.png"; bbox 0 0 2709 4017; ppageno 0'>
   <div class='ocr_carea' id='block_1_1' title="bbox 419 470 1043 569">
    <p class='ocr_par' dir='ltr' id='par_1_1' title="bbox 419 470 1043 569">
     <span class='ocr_line' id='line_1_1' title="bbox 419 470 1043 569; baseline -0.005 -17"><span class='ocrx_word' id='word_1_1' title='bbox 419 470 514 569; x_wconf 91' lang='grc'>564</span> <span class='ocrx_word' id='word_1_2' title='bbox 536 475 613 552; x_wconf 70' lang='lat' dir='ltr'>ur</span> <span class='ocrx_word' id='word_1_3' title='bbox 635 493 812 552; x_wconf 64' lang='lat' dir='ltr'>rer-runt</span> <span class='ocrx_word' id='word_1_4' title='bbox 836 489 1043 566; x_wconf 66' lang='lat' dir='ltr'>DEORUM,</span> 
     </span>
    </p>
   </div>
   <div class='ocr_carea' id='block_1_2' title="bbox 401 589 1116 3084">
    <p class='ocr_par' dir='ltr' id='par_1_2' title="bbox 405 589 1116 2266">
     <span class='ocr_line' id='line_1_2' title="bbox 431 589 1116 671; baseline 0.003 -20"><span class='ocrx_word' id='word_1_5' title='bbox 431 592 540 671; x_wconf 86' lang='lat' dir='ltr'>cycni,</span> <span class='ocrx_word' id='word_1_6' title='bbox 556 607 589 649; x_wconf 86' lang='lat' dir='ltr'>ut</span> <span class='ocrx_word' id='word_1_7' title='bbox 606 610 710 671; x_wconf 79' lang='lat' dir='ltr'>grues,</span> <span class='ocrx_word' id='word_1_8' title='bbox 729 606 761 648; x_wconf 91' lang='lat' dir='ltr'>ut</span> <span class='ocrx_word' id='word_1_9' title='bbox 786 591 914 663; x_wconf 89' lang='lat' dir='ltr'>cameli,</span> <span class='ocrx_word' id='word_1_10' title='bbox 940 589 1116 668; x_wconf 79' lang='lat' dir='ltr'>adjuvantur</span> 
     </span>
     <span class='ocr_line' id='line_1_3' title="bbox 420 669 1114 751; baseline 0.009 -21"><span class='ocrx_word' id='word_1_11' title='bbox 420 671 607 751; x_wconf 81' lang='lat' dir='ltr'>proceritate</span> <span class='ocrx_word' id='word_1_12' title='bbox 632 670 785 731; x_wconf 81' lang='lat' dir='ltr'>collorum.</span> <span class='ocrx_word' id='word_1_13' title='bbox 810 669 916 740; x_wconf 79' lang='lat' dir='ltr'>Manus</span> <span class='ocrx_word' id='word_1_14' title='bbox 931 673 1023 731; x_wconf 84' lang='lat' dir='ltr'>etiam</span> <span class='ocrx_word' id='word_1_15' title='bbox 1049 673 1114 737; x_wconf 70' lang='lat' dir='ltr'>data</span> 
     </span>
     <span class='ocr_line' id='line_1_4' title="bbox 428 750 1113 831; baseline 0.007 -22"><span class='ocrx_word' id='word_1_16' title='bbox 428 750 616 829; x_wconf 84' lang='lat' dir='ltr'>elephantis,</span> <span class='ocrx_word' id='word_1_17' title='bbox 686 753 712 808; x_wconf 87' lang='lat' dir='ltr'>ia</span> <span class='ocrx_word' id='word_1_18' title='bbox 738 771 792 831; x_wconf 92' lang='lat' dir='ltr'>pro</span> <span class='ocrx_word' id='word_1_19' title='bbox 815 767 858 809; x_wconf 90' lang='lat' dir='ltr'>ter</span> <span class='ocrx_word' id='word_1_20' title='bbox 885 753 1113 830; x_wconf 75' lang='lat' dir='ltr'><strong>magnitudinem</strong></span> 
     </span>
     <span class='ocr_line' id='line_1_5' title="bbox 426 772 1112 969; baseline 0.004 -80"><span class='ocrx_word' id='word_1_21' title='bbox 426 833 562 969; x_wconf 55' lang='lat' dir='ltr'>⁸⁰ffi⁰¹i⁵</span> <span class='ocrx_word' id='word_1_22' title='bbox 604 831 632 889; x_wconf 91' lang='lat' dir='ltr'>di</span> <span class='ocrx_word' id='word_1_23' title='bbox 664 831 732 890; x_wconf 87' lang='lat' dir='ltr'>ciles</span> <span class='ocrx_word' id='word_1_24' title='bbox 768 772 860 895; x_wconf 77' lang='lat' dir='ltr'>aditus</span> <span class='ocrx_word' id='word_1_25' title='bbox 895 829 1047 901; x_wconf 75' lang='lat' dir='ltr'>habebant</span> <span class='ocrx_word' id='word_1_26' title='bbox 1076 831 1112 899; x_wconf 79' lang='lat' dir='ltr'>ad</span> 
     </span>
     <span class='ocr_line' id='line_1_6' title="bbox 414 931 1101 969; baseline 0.009 -3"><span class='ocrx_word' id='word_1_27' title='bbox 414 931 465 969; x_wconf 88' lang='lat' dir='ltr'>..a</span> <span class='ocrx_word' id='word_1_28' title='bbox 510 931 548 969; x_wconf 87' lang='lat' dir='ltr'>m.</span> <span class='ocrx_word' id='word_1_29' title='bbox 1097 950 1101 955; x_wconf 96' lang='lat'><em>-</em></span> 
     </span>
     <span class='ocr_line' id='line_1_7' title="bbox 427 930 1111 1070; baseline 0.006 -22"><span class='ocrx_word' id='word_1_30' title='bbox 427 930 448 990; x_wconf 74' lang='lat' dir='ltr'>P</span> <span class='ocrx_word' id='word_1_31' title='bbox 469 986 607 1048; x_wconf 87' lang='lat' dir='ltr'><strong>XLVIII.</strong></span> <span class='ocrx_word' id='word_1_32' title='bbox 626 986 669 1052; x_wconf 84' lang='lat' dir='ltr'>At</span> <span class='ocrx_word' id='word_1_33' title='bbox 686 986 965 1070; x_wconf 80' lang='lat' dir='ltr'>quibusbestiiserat</span> <span class='ocrx_word' id='word_1_34' title='bbox 977 990 1111 1066; x_wconf 71' lang='lat' dir='ltr'>iscihue„</span> 
     </span>
     <span class='ocr_line' id='line_1_8' title="bbox 423 1067 1109 1150; baseline 0.006 -22"><span class='ocrx_word' id='word_1_35' title='bbox 423 1085 459 1129; x_wconf 85' lang='lat' dir='ltr'>ut</span> <span class='ocrx_word' id='word_1_36' title='bbox 475 1070 545 1129; x_wconf 86' lang='lat' dir='ltr'>alius</span> <span class='ocrx_word' id='word_1_37' title='bbox 564 1071 678 1150; x_wconf 83' lang='lat' dir='ltr'>generis</span> <span class='ocrx_word' id='word_1_38' title='bbox 700 1067 796 1129; x_wconf 82' lang='lat' dir='ltr'>bestiis</span> <span class='ocrx_word' id='word_1_39' title='bbox 820 1068 1034 1146; x_wconf 85' lang='lat' dir='ltr'>vescerentur,</span> <span class='ocrx_word' id='word_1_40' title='bbox 1063 1087 1109 1132; x_wconf 86' lang='lat' dir='ltr'>aut</span> 
     </span>
     <span class='ocr_line' id='line_1_9' title="bbox 414 1148 1108 1222; baseline 0.006 -15"><span class='ocrx_word' id='word_1_41' title='bbox 414 1152 503 1211; x_wconf 67' lang='lat' dir='ltr'>„vires</span> <span class='ocrx_word' id='word_1_42' title='bbox 523 1167 623 1209; x_wconf 87' lang='lat' dir='ltr'>natura</span> <span class='ocrx_word' id='word_1_43' title='bbox 641 1148 740 1222; x_wconf 84' lang='lat' dir='ltr'>dedit,</span> <span class='ocrx_word' id='word_1_44' title='bbox 762 1165 810 1208; x_wconf 86' lang='lat' dir='ltr'>aut</span> <span class='ocrx_word' id='word_1_45' title='bbox 827 1148 1108 1219; x_wconf 68' lang='lat' dir='ltr'>celeritatembata</span> 
     </span>
     <span class='ocr_line' id='line_1_10' title="bbox 422 1228 1106 1310; baseline 0.001 -20"><span class='ocrx_word' id='word_1_46' title='bbox 422 1228 467 1301; x_wconf 80' lang='lat' dir='ltr'>est</span> <span class='ocrx_word' id='word_1_47' title='bbox 481 1229 648 1310; x_wconf 86' lang='lat' dir='ltr'>quibusdam</span> <span class='ocrx_word' id='word_1_48' title='bbox 674 1231 763 1290; x_wconf 87' lang='lat' dir='ltr'>etiarn</span> <span class='ocrx_word' id='word_1_49' title='bbox 784 1229 956 1288; x_wconf 81' lang='lat' dir='ltr'>machinatio</span> <span class='ocrx_word' id='word_1_50' title='bbox 975 1230 1106 1310; x_wconf 74' lang='lat' dir='ltr'>quadarn</span> 
     </span>
     <span class='ocr_line' id='line_1_11' title="bbox 411 1305 1107 1393; baseline -0.006 -19"><span class='ocrx_word' id='word_1_51' title='bbox 411 1327 514 1392; x_wconf 80' lang='lat' dir='ltr'>;atque</span> <span class='ocrx_word' id='word_1_52' title='bbox 528 1310 664 1385; x_wconf 77' lang='lat' dir='ltr'>solertia3</span> <span class='ocrx_word' id='word_1_53' title='bbox 681 1305 756 1369; x_wconf 81' lang='lat' dir='ltr'>ut&#39;in</span> <span class='ocrx_word' id='word_1_54' title='bbox 772 1308 932 1382; x_wconf 80' lang='lat' dir='ltr'>araneolis,</span> <span class='ocrx_word' id='word_1_55' title='bbox 952 1309 1017 1369; x_wconf 79' lang='lat' dir='ltr'>aliae</span> <span class='ocrx_word' id='word_1_56' title='bbox 1028 1312 1107 1393; x_wconf 85' lang='lat' dir='ltr'>quasi</span> 
     </span>
     <span class='ocr_line' id='line_1_12' title="bbox 425 1388 1105 1470; baseline 0.009 -19"><span class='ocrx_word' id='word_1_57' title='bbox 425 1408 491 1452; x_wconf 81' lang='lat' dir='ltr'>rete</span> <span class='ocrx_word' id='word_1_58' title='bbox 511 1407 632 1464; x_wconf 83' lang='lat' dir='ltr'>texunt,</span> <span class='ocrx_word' id='word_1_59' title='bbox 649 1407 682 1453; x_wconf 84' lang='lat' dir='ltr'>ut</span> <span class='ocrx_word' id='word_1_60' title='bbox 699 1388 810 1470; x_wconf 77' lang='lat' dir='ltr'>siquid</span> <span class='ocrx_word' id='word_1_61' title='bbox 830 1388 989 1460; x_wconf 61' lang='lat' dir='ltr'>inhaeserib</span> <span class='ocrx_word' id='word_1_62' title='bbox 1009 1389 1105 1457; x_wconf 68' lang='lat' dir='ltr'>confi·</span> 
     </span>
     <span class='ocr_line' id='line_1_13' title="bbox 421 1466 1104 1560; baseline -0.001 -29"><span class='ocrx_word' id='word_1_63' title='bbox 421 1473 500 1545; x_wconf 65' lang='lat' dir='ltr'>ciant</span> <span class='ocrx_word' id='word_1_64' title='bbox 509 1473 593 1542; x_wconf 67' lang='lat' dir='ltr'>3saiiae</span> <span class='ocrx_word' id='word_1_65' title='bbox 607 1478 706 1532; x_wconf 83' lang='lat' dir='ltr'>autem</span> <span class='ocrx_word' id='word_1_66' title='bbox 716 1489 752 1529; x_wconf 86' lang='lat' dir='ltr'>ex</span> <span class='ocrx_word' id='word_1_67' title='bbox 761 1470 912 1560; x_wconf 84' lang='lat' dir='ltr'>inopinato</span> <span class='ocrx_word' id='word_1_68' title='bbox 930 1466 1104 1544; x_wconf 84' lang='lat' dir='ltr'>observant,</span> 
     </span>
     <span class='ocr_line' id='line_1_14' title="bbox 422 1547 1103 1628; baseline 0.001 -20"><span class='ocrx_word' id='word_1_69' title='bbox 422 1551 494 1608; x_wconf 87' lang='lat' dir='ltr'>&amp;si</span> <span class='ocrx_word' id='word_1_70' title='bbox 510 1551 579 1628; x_wconf 92' lang='lat' dir='ltr'>quid</span> <span class='ocrx_word' id='word_1_71' title='bbox 596 1549 717 1620; x_wconf 84' lang='lat' dir='ltr'>incidit,</span> <span class='ocrx_word' id='word_1_72' title='bbox 737 1548 896 1626; x_wconf 83' lang='lat' dir='ltr'>arriprunt,</span> <span class='ocrx_word' id='word_1_73' title='bbox 917 1547 947 1606; x_wconf 94' lang='lat' dir='ltr'>id</span> <span class='ocrx_word' id='word_1_74' title='bbox 970 1569 1009 1614; x_wconf 86' lang='lat' dir='ltr'>ue</span> <span class='ocrx_word' id='word_1_75' title='bbox 1034 1571 1103 1621; x_wconf 69' lang='lat' dir='ltr'>ton,-</span> 
     </span>
     <span class='ocr_line' id='line_1_15' title="bbox 416 1569 1102 1698; baseline 0.004 -10"><span class='ocrx_word' id='word_1_76' title='bbox 416 1629 544 1696; x_wconf 85' lang='lat' dir='ltr'>sumunt.</span> <span class='ocrx_word' id='word_1_77' title='bbox 567 1626 655 1686; x_wconf 84' lang='lat' dir='ltr'>Pinna</span> <span class='ocrx_word' id='word_1_78' title='bbox 671 1625 744 1685; x_wconf 86' lang='lat' dir='ltr'>verb</span> <span class='ocrx_word' id='word_1_79' title='bbox 764 1629 826 1698; x_wconf 86' lang='lat' dir='ltr'>(sic</span> <span class='ocrx_word' id='word_1_80' title='bbox 843 1629 921 1685; x_wconf 88' lang='lat' dir='ltr'>enim</span> <span class='ocrx_word' id='word_1_81' title='bbox 943 1569 1049 1690; x_wconf 56' lang='lat' dir='ltr'>graece</span> <span class='ocrx_word' id='word_1_82' title='bbox 1062 1629 1102 1690; x_wconf 89' lang='lat' dir='ltr'>di·</span> 
     </span>
     <span class='ocr_line' id='line_1_16' title="bbox 415 1704 1099 1787; baseline 0.009 -21"><span class='ocrx_word' id='word_1_83' title='bbox 415 1708 516 1780; x_wconf 82' lang='lat' dir='ltr'>citur)</span> <span class='ocrx_word' id='word_1_84' title='bbox 538 1706 646 1766; x_wconf 86' lang='lat' dir='ltr'>duabus</span> <span class='ocrx_word' id='word_1_85' title='bbox 661 1705 816 1787; x_wconf 86' lang='lat' dir='ltr'>grandibus</span> <span class='ocrx_word' id='word_1_86' title='bbox 837 1704 936 1785; x_wconf 85' lang='lat' dir='ltr'>patula</span> <span class='ocrx_word' id='word_1_87' title='bbox 962 1709 1099 1784; x_wconf 83' lang='lat' dir='ltr'>conchis,</span> 
     </span>
     <span class='ocr_line' id='line_1_17' title="bbox 412 1784 1099 1867; baseline 0.001 -20"><span class='ocrx_word' id='word_1_88' title='bbox 412 1808 485 1859; x_wconf 82' lang='lat' dir='ltr'>¹curn</span> <span class='ocrx_word' id='word_1_89' title='bbox 509 1807 599 1866; x_wconf 84' lang='lat' dir='ltr'>parva</span> <span class='ocrx_word' id='word_1_90' title='bbox 622 1785 722 1867; x_wconf 84' lang='lat' dir='ltr'>squilla</span> <span class='ocrx_word' id='word_1_91' title='bbox 749 1786 829 1866; x_wconf 89' lang='lat' dir='ltr'>quasi</span> <span class='ocrx_word' id='word_1_92' title='bbox 849 1784 1023 1848; x_wconf 87' lang='lat' dir='ltr'>societatem</span> <span class='ocrx_word' id='word_1_93' title='bbox 1036 1790 1099 1863; x_wconf 84' lang='lat' dir='ltr'>¹coit</span> 
     </span>
     <span class='ocr_line' id='line_1_18' title="bbox 417 1865 1099 1949; baseline 0 -20"><span class='ocrx_word' id='word_1_94' title='bbox 417 1868 606 1949; x_wconf 87' lang='lat' dir='ltr'>comparandi</span> <span class='ocrx_word' id='word_1_95' title='bbox 631 1865 825 1947; x_wconf 28' lang='lat' dir='ltr'>cibi.,1taque</span> <span class='ocrx_word' id='word_1_96' title='bbox 856 1873 946 1946; x_wconf 90' lang='lat' dir='ltr'>quum</span> <span class='ocrx_word' id='word_1_97' title='bbox 975 1869 1099 1947; x_wconf 73' lang='lat' dir='ltr'>pisciculi</span> 
     </span>
     <span class='ocr_line' id='line_1_19' title="bbox 416 1947 1097 2029; baseline 0.001 -21"><span class='ocrx_word' id='word_1_98' title='bbox 416 1953 499 2029; x_wconf 85' lang='lat' dir='ltr'>parvi</span> <span class='ocrx_word' id='word_1_99' title='bbox 524 1950 554 2008; x_wconf 93' lang='lat' dir='ltr'>in</span> <span class='ocrx_word' id='word_1_100' title='bbox 576 1949 717 2020; x_wconf 78' lang='lat' dir='ltr'>concham</span> <span class='ocrx_word' id='word_1_101' title='bbox 736 1947 864 2017; x_wconf 84' lang='lat' dir='ltr'>hiantem</span> <span class='ocrx_word' id='word_1_102' title='bbox 885 1949 1097 2027; x_wconf 55' lang='lat' dir='ltr'>innotuerint,</span> 
     </span>
     <span class='ocr_line' id='line_1_20' title="bbox 416 2025 1097 2109; baseline -0.004 -20"><span class='ocrx_word' id='word_1_103' title='bbox 416 2046 480 2102; x_wconf 75' lang='lat' dir='ltr'>tum</span> <span class='ocrx_word' id='word_1_104' title='bbox 497 2029 646 2101; x_wconf 78' lang='lat' dir='ltr'>admonita</span> <span class='ocrx_word' id='word_1_105' title='bbox 663 2027 792 2109; x_wconf 79' lang='lat' dir='ltr'>asquiila</span> <span class='ocrx_word' id='word_1_106' title='bbox 806 2029 894 2107; x_wconf 77' lang='lat' dir='ltr'>pinna</span> <span class='ocrx_word' id='word_1_107' title='bbox 910 2025 1097 2103; x_wconf 77' lang='lat' dir='ltr'>morstrcpnr·</span> 
     </span>
     <span class='ocr_line' id='line_1_21' title="bbox 405 2105 1097 2190; baseline 0.001 -22"><span class='ocrx_word' id='word_1_108' title='bbox 405 2112 512 2190; x_wconf 67' lang='lat' dir='ltr'>primit</span> <span class='ocrx_word' id='word_1_109' title='bbox 533 2111 670 2178; x_wconf 77' lang='lat' dir='ltr'>conchas.</span> <span class='ocrx_word' id='word_1_110' title='bbox 690 2107 737 2167; x_wconf 87' lang='lat' dir='ltr'>Sic</span> <span class='ocrx_word' id='word_1_111' title='bbox 756 2107 948 2181; x_wconf 70' lang='lat' dir='ltr'>dissimillimis</span> <span class='ocrx_word' id='word_1_112' title='bbox 970 2105 1097 2178; x_wconf 77' lang='lat' dir='ltr'>bestiolis</span> 
     </span>
     <span class='ocr_line' id='line_1_22' title="bbox 412 2187 1022 2266; baseline -0.01 -17"><span class='ocrx_word' id='word_1_113' title='bbox 412 2192 608 2259; x_wconf 79' lang='lat' dir='ltr'>communiter</span> <span class='ocrx_word' id='word_1_114' title='bbox 625 2187 703 2246; x_wconf 87' lang='lat' dir='ltr'>cibus</span> <span class='ocrx_word' id='word_1_115' title='bbox 718 2189 861 2266; x_wconf 81' lang='lat' dir='ltr'>quaeritur.</span> <span class='ocrx_word' id='word_1_116' title='bbox 1018 2258 1022 2263; x_wconf 35' lang='grc'><strong>,</strong></span> 
     </span>
    </p>

    <p class='ocr_par' dir='ltr' id='par_1_3' title="bbox 401 2264 1095 3084">
     <span class='ocr_line' id='line_1_23' title="bbox 454 2264 1095 2350; baseline 0.008 -25"><span class='ocrx_word' id='word_1_117' title='bbox 454 2287 522 2339; x_wconf 78' lang='lat'>124.</span> <span class='ocrx_word' id='word_1_118' title='bbox 541 2267 575 2331; x_wconf 91' lang='lat' dir='ltr'>In</span> <span class='ocrx_word' id='word_1_119' title='bbox 588 2288 647 2346; x_wconf 90' lang='lat' dir='ltr'>quo</span> <span class='ocrx_word' id='word_1_120' title='bbox 664 2266 863 2339; x_wconf 84' lang='lat' dir='ltr'>admirandum</span> <span class='ocrx_word' id='word_1_121' title='bbox 877 2264 940 2339; x_wconf 83' lang='lat' dir='ltr'>est,</span> <span class='ocrx_word' id='word_1_122' title='bbox 957 2266 1095 2350; x_wconf 79' lang='lat' dir='ltr'>congres-¹</span> 
     </span>
     <span class='ocr_line' id='line_1_24' title="bbox 407 2343 1093 2425; baseline 0.004 -18"><span class='ocrx_word' id='word_1_123' title='bbox 407 2343 481 2415; x_wconf 76' lang='lat' dir='ltr'>‚sune</span> <span class='ocrx_word' id='word_1_124' title='bbox 493 2347 589 2424; x_wconf 87' lang='lat' dir='ltr'>aliquo</span> <span class='ocrx_word' id='word_1_125' title='bbox 604 2351 677 2406; x_wconf 87' lang='lat' dir='ltr'>inter</span> <span class='ocrx_word' id='word_1_126' title='bbox 693 2345 741 2418; x_wconf 89' lang='lat' dir='ltr'>se,</span> <span class='ocrx_word' id='word_1_127' title='bbox 762 2367 799 2405; x_wconf 90' lang='lat' dir='ltr'>an</span> <span class='ocrx_word' id='word_1_128' title='bbox 816 2344 875 2424; x_wconf 83' lang='lat' dir='ltr'>jam</span> <span class='ocrx_word' id='word_1_129' title='bbox 892 2347 961 2407; x_wconf 88' lang='lat' dir='ltr'>inde</span> <span class='ocrx_word' id='word_1_130' title='bbox 978 2349 1016 2408; x_wconf 91' lang='lat' dir='ltr'>ab</span> <span class='ocrx_word' id='word_1_131' title='bbox 1029 2365 1093 2425; x_wconf 81' lang='lat' dir='ltr'>ortu</span> 
     </span>
     <span class='ocr_line' id='line_1_25' title="bbox 408 2425 1089 2508; baseline 0.009 -25"><span class='ocrx_word' id='word_1_132' title='bbox 408 2443 519 2495; x_wconf 79' lang='lat' dir='ltr'>naturae</span> <span class='ocrx_word' id='word_1_133' title='bbox 540 2426 605 2506; x_wconf 87' lang='lat' dir='ltr'>ipsae</span> <span class='ocrx_word' id='word_1_134' title='bbox 630 2444 810 2508; x_wconf 78' lang='lat' dir='ltr'>congregatae</span> <span class='ocrx_word' id='word_1_135' title='bbox 836 2429 902 2493; x_wconf 77' lang='lat' dir='ltr'>sint,</span> <span class='ocrx_word' id='word_1_136' title='bbox 929 2425 979 2486; x_wconf 88' lang='lat' dir='ltr'>Est</span> <span class='ocrx_word' id='word_1_137' title='bbox 1006 2432 1089 2488; x_wconf 83' lang='lat' dir='ltr'>etiam</span> 
     </span>
     <span class='ocr_line' id='line_1_26' title="bbox 404 2504 1091 2598; baseline 0.01 -35"><span class='ocrx_word' id='word_1_138' title='bbox 404 2505 562 2598; x_wconf 59' lang='lat' dir='ltr'>pdmiratio</span> <span class='ocrx_word' id='word_1_139' title='bbox 583 2509 723 2568; x_wconf 84' lang='lat' dir='ltr'>nonnulla</span> <span class='ocrx_word' id='word_1_140' title='bbox 745 2510 775 2575; x_wconf 87' lang='lat' dir='ltr'>in</span> <span class='ocrx_word' id='word_1_141' title='bbox 798 2504 892 2568; x_wconf 84' lang='lat' dir='ltr'>bestiis</span> <span class='ocrx_word' id='word_1_142' title='bbox 905 2529 937 2579; x_wconf 37' lang='lat' dir='ltr'>,a</span> <span class='ocrx_word' id='word_1_143' title='bbox 959 2508 1091 2579; x_wconf 74' lang='lat' dir='ltr'>uatilibue</span> 
     </span>
     <span class='ocr_line' id='line_1_27' title="bbox 404 2528 1090 2669; baseline 0.007 -26"><span class='ocrx_word' id='word_1_144' title='bbox 404 2587 460 2657; x_wconf 86' lang='lat' dir='ltr'>ris,</span> <span class='ocrx_word' id='word_1_145' title='bbox 482 2610 546 2669; x_wconf 86' lang='lat' dir='ltr'>quae</span> <span class='ocrx_word' id='word_1_146' title='bbox 563 2589 717 2668; x_wconf 85' lang='lat' dir='ltr'>gignuntur</span> <span class='ocrx_word' id='word_1_147' title='bbox 739 2589 767 2648; x_wconf 92' lang='lat' dir='ltr'>in</span> <span class='ocrx_word' id='word_1_148' title='bbox 792 2602 883 2646; x_wconf 87' lang='lat' dir='ltr'>terra:</span> <span class='ocrx_word' id='word_1_149' title='bbox 905 2528 996 2648; x_wconf 59' lang='lat' dir='ltr'>veinti</span> <span class='ocrx_word' id='word_1_150' title='bbox 1022 2608 1090 2649; x_wconf 77' lang='lat' dir='ltr'>cro·</span> 
     </span>
     <span class='ocr_line' id='line_1_28' title="bbox 404 2664 1089 2748; baseline 0.004 -22"><span class='ocrx_word' id='word_1_151' title='bbox 404 2666 513 2739; x_wconf 75' lang='lat' dir='ltr'>ceddi,</span> <span class='ocrx_word' id='word_1_152' title='bbox 531 2667 737 2747; x_wconf 82' lang='lat' dir='ltr'>fluviatilesque</span> <span class='ocrx_word' id='word_1_153' title='bbox 756 2664 930 2741; x_wconf 86' lang='lat' dir='ltr'>testudines,</span> <span class='ocrx_word' id='word_1_154' title='bbox 943 2667 1089 2748; x_wconf 84' lang='lat' dir='ltr'>quaedam·</span> 
     </span>
     <span class='ocr_line' id='line_1_29' title="bbox 405 2749 1087 2826; baseline 0.007 -22"><span class='ocrx_word' id='word_1_155' title='bbox 405 2766 463 2826; x_wconf 88' lang='lat' dir='ltr'>que</span> <span class='ocrx_word' id='word_1_156' title='bbox 475 2749 620 2825; x_wconf 82' lang='lat' dir='ltr'>serpentes</span> <span class='ocrx_word' id='word_1_157' title='bbox 638 2767 709 2806; x_wconf 85' lang='lat' dir='ltr'>orrae</span> <span class='ocrx_word' id='word_1_158' title='bbox 725 2765 802 2806; x_wconf 89' lang='lat' dir='ltr'>extra</span> <span class='ocrx_word' id='word_1_159' title='bbox 815 2767 919 2826; x_wconf 88' lang='lat' dir='ltr'>aquarn</span> <span class='ocrx_word' id='word_1_160' title='bbox 933 2791 943 2818; x_wconf 92' lang='lat'>‚</span> <span class='ocrx_word' id='word_1_161' title='bbox 958 2749 1044 2808; x_wconf 85' lang='lat' dir='ltr'>simul</span> <span class='ocrx_word' id='word_1_162' title='bbox 1056 2767 1087 2809; x_wconf 81' lang='lat' dir='ltr'>ac</span> 
     </span>
     <span class='ocr_line' id='line_1_30' title="bbox 403 2825 1086 2907; baseline 0.007 -24"><span class='ocrx_word' id='word_1_163' title='bbox 403 2830 530 2907; x_wconf 77' lang='lat' dir='ltr'>primurn</span> <span class='ocrx_word' id='word_1_164' title='bbox 542 2828 592 2884; x_wconf 89' lang='lat' dir='ltr'>niti</span> <span class='ocrx_word' id='word_1_165' title='bbox 604 2825 717 2905; x_wconf 85' lang='lat' dir='ltr'>possunt</span> <span class='ocrx_word' id='word_1_166' title='bbox 729 2871 738 2898; x_wconf 92' lang='lat'>‚</span> <span class='ocrx_word' id='word_1_167' title='bbox 752 2848 855 2905; x_wconf 89' lang='lat' dir='ltr'>aquam</span> <span class='ocrx_word' id='word_1_168' title='bbox 869 2826 1086 2907; x_wconf 83' lang='lat' dir='ltr'>persequuntur,</span> 
     </span>
     <span class='ocr_line' id='line_1_31' title="bbox 405 2898 1085 2988; baseline 0.007 -22"><span class='ocrx_word' id='word_1_169' title='bbox 405 2907 488 2986; x_wconf 86' lang='lat' dir='ltr'>Quin</span> <span class='ocrx_word' id='word_1_170' title='bbox 502 2908 586 2966; x_wconf 88' lang='lat' dir='ltr'>etiam</span> <span class='ocrx_word' id='word_1_171' title='bbox 602 2923 719 2963; x_wconf 83' lang='lat' dir='ltr'>anatum</span> <span class='ocrx_word' id='word_1_172' title='bbox 737 2925 794 2964; x_wconf 88' lang='lat' dir='ltr'>ova</span> <span class='ocrx_word' id='word_1_173' title='bbox 813 2908 924 2986; x_wconf 80' lang='lat' dir='ltr'>gallinis</span> <span class='ocrx_word' id='word_1_174' title='bbox 933 2905 1008 2987; x_wconf 87' lang='lat' dir='ltr'>saepe</span> <span class='ocrx_word' id='word_1_175' title='bbox 1021 2898 1085 2988; x_wconf 79' lang='lat' dir='ltr'>supr</span> 
     </span>
     <span class='ocr_line' id='line_1_32' title="bbox 401 2985 1085 3084; baseline 0.006 -23"><span class='ocrx_word' id='word_1_176' title='bbox 401 2989 560 3084; x_wconf 72' lang='lat' dir='ltr'>ponimns</span> <span class='ocrx_word' id='word_1_177' title='bbox 574 3005 594 3060; x_wconf 71' lang='lat' dir='ltr'>s</span> <span class='ocrx_word' id='word_1_178' title='bbox 611 2986 711 3073; x_wconf 62' lang='lat' dir='ltr'>quibu</span> <span class='ocrx_word' id='word_1_179' title='bbox 723 2985 794 3067; x_wconf 71' lang='lat' dir='ltr'>Pulli.</span> <span class='ocrx_word' id='word_1_180' title='bbox 807 2986 1085 3072; x_wconf 61' lang='lat' dir='ltr'>ortirnminshn</span> 
     </span>
    </p>
   </div>
   <div class='ocr_carea' id='block_1_3' title="bbox 0 0 1360 4017">
    <p class='ocr_par' dir='ltr' id='par_1_4' title="bbox 0 0 1360 4017">
     <span class='ocr_line' id='line_1_33' title="bbox 0 0 1360 4017; baseline 0 4"><span class='ocrx_word' id='word_1_181' title='bbox 0 0 1360 4017; x_wconf 95' lang='lat' dir='ltr'> </span> 
     </span>
    </p>
   </div>
  </div>
 </body>
</html>
