2709 4017
449 511 603 579 Lim
630 527 834 580 numius.
910 503 981 606 165

344 620 395 684 68.
423 621 486 683 Sint
510 623 576 682 sane
600 642 636 683 ex
659 626 772 683 atomis.
804 622 874 682 Non
898 626 985 705 igitur

301 706 418 764 aeterni:
437 704 518 782 quod
539 705 615 763 enim
635 723 671 762 ex
691 706 815 776 atomis,
836 705 867 762 id
885 724 984 764 natum

302 783 478 864 aliquando:
500 787 522 843 si
536 800 658 856 natum,
675 785 746 843 nulli
765 784 802 841 dii
819 784 884 843 ante
895 785 984 864 qudm

303 867 382 922 nari:
408 864 440 922 &
459 908 469 936 ‚
487 866 510 921 si
532 881 610 922 ortus
626 863 667 923 est
688 863 831 935 deorum,
852 865 983 941 interitus

303 945 340 1001 sit
360 942 472 1004 necesse
491 941 551 1014 est,
573 958 604 1002 ut
623 959 654 1002 tu
668 945 757 1023 pauli>
775 943 841 1002 ante
859 942 896 1003 de
914 943 984 1003 Pia·
1043 963 1045 969 ·

302 1026 379 1082 tonis
404 1023 514 1084 mundo
535 1023 705 1104 disputabas.
728 1023 790 1083 Ubi
810 1021 895 1103 igitur
913 1023 985 1084 illud

302 1104 429 1163 vestrum
444 1103 570 1175 beatum,
584 1104 612 1163 e
628 1106 778 1162 eternum?
796 1103 896 1183 quibus
913 1104 987 1164 duo·
1024 1152 1027 1158 .
1048 1109 1051 1114 '

302 1184 358 1241 bus
377 1183 473 1242 verbis
486 1182 648 1264 significatis
666 1182 764 1242 deum.
783 1181 876 1260 Quod
895 1203 985 1263 quum

303 1259 423 1321 efficere
445 1260 551 1335 vultis,
568 1265 599 1320 in
620 1261 737 1321 dumeta
755 1263 922 1339 correpitis:
945 1264 986 1324 ita

304 1343 385 1401 enim
399 1340 512 1399 dicebas
523 1386 533 1415 ,
545 1362 606 1400 non
615 1361 720 1419 corpus
731 1339 787 1400 effe
800 1342 829 1398 in
846 1340 921 1414 deo,
935 1338 986 1402 sed

302 1422 385 1561 dm
406 1440 536 1500 corpus;
557 1441 610 1480 nec
632 1419 818 1502 sanguinem,
835 1417 886 1479 sed
906 1424 988 1502 quasi

315 1522 350 1559 an
373 1520 480 1560 urnem.

382 1579 456 1639 XV.
476 1579 546 1638 Hoc
563 1577 690 1660 persaepe
704 1577 812 1652 facitis,
830 1593 880 1653 ut,
897 1578 988 1660 quuni

305 1659 411 1739 aliquid
429 1681 488 1719 non
500 1660 655 1719 verisimile
673 1659 791 1732 dicatis,
810 1657 987 1742 &effugere

305 1740 561 1820 reprehensionem
579 1740 694 1812 velitis,
712 1738 833 1799 afferatis
852 1740 986 1820 aliquid,

327 1819 387 1878 uod
406 1821 527 1879 omnino
546 1839 583 1878 ne
601 1817 665 1877 fieri
686 1820 803 1899 quidem
821 1822 933 1898 possir3
953 1837 986 1880 ut

304 1840 389 1958 iatius
407 1898 492 1959 fuerit
510 1897 579 1956 illud
595 1897 706 1977 ipsum,
725 1898 762 1956 de
775 1899 987 1978 quoembige·

304 1978 411 2050 batur,
431 1977 613 2046 concedere,
629 1977 716 2056 qudrn
729 1993 788 2035 tarn
805 1978 989 2056 impudenter

305 2056 457 2118 resistere:
478 2057 559 2116 velut
575 2055 733 2136 Epicurus,
748 2076 836 2137 quum
852 2058 987 2130 videret,

306 2142 330 2198 si
358 2140 450 2197 atomi
476 2136 616 2197 ferrentur
639 2139 669 2195 in
695 2136 793 2195 locum
820 2135 987 2198 inferiorem

305 2220 409 2298 suopte
426 2216 579 2298 pondere,
600 2217 670 2276 nihil
690 2215 755 2277 fore
772 2219 800 2275 in
816 2215 910 2276 nostra
927 2237 990 2298 po·

306 2296 438 2371 restare,
467 2297 547 2378 qubd
568 2295 637 2356 effer
660 2316 759 2355 earum
779 2315 874 2356 motus
894 2315 987 2359 cerrus

308 2379 341 2437 &
359 2375 546 2450 neceffarius3
565 2379 677 2437 invenit
691 2398 749 2457 quo
771 2377 863 2436 modo
881 2398 988 2438 neces·

308 2461 422 2517 siratem
441 2455 600 2538 effugeret3
617 2457 697 2536 quod
712 2456 850 2516 videlicet
867 2455 988 2518 Demo·

307 2541 409 2596 critum
429 2537 557 2618 fugerat:
571 2539 616 2595 nit
631 2552 782 2607 atomum,
820 2557 887 2596 uum
907 2558 986 2618 pon·

309 2618 379 2676 dere
399 2618 431 2676 &
447 2619 588 2698 gravitate
605 2615 712 2675 diredid
725 2557 840 2675 deotpus
860 2615 993 2693 feratur,·

309 2697 452 2756 declinare
476 2697 633 2778 paululum.
661 2694 731 2754 Hoc
755 2695 852 2756 dicere
870 2699 987 2778 *turpius
1087 2757 1090 2765 ,

239 2847 241 2849 ¹
310 2774 378 2845 est,
399 2775 486 2913 ἓιιὲπι
504 2776 594 2850 illud,
617 2775 697 2856 quod
716 2777 779 2838 vult
796 2821 806 2851 ‚
823 2796 884 2836 non
905 2776 987 2855 poffe

309 2852 397 2914 defen
419 2873 479 2916 ere.
988 2882 993 2894 ·

351 2951 402 3006 70.
427 2933 510 2995 Idem
530 2934 598 2995 facit
622 2953 724 2997 contra
751 2934 941 3004 dialefflcos3
969 2940 994 2994 a*

309 3016 413 3096 quibus
437 3035 526 3097 qimm
550 3016 687 3081 traditum
708 3020 771 3092 sir,
798 3018 828 3075 in
851 3013 987 3074 omnihus
