2709 4017
440 475 899 566 [transuersum.
936 490 1018 587 '4651

330 600 451 691 spiranti
481 609 636 691 tripudium
652 606 832 668 -solillitnum
862 608 1021 670 nuntiatura

348 689 509 758 ,XXXVa
536 689 615 770 Ergo
648 689 706 747 hoc
739 687 893 769 auspicium
928 689 1021 764 divini

331 771 490 851 quidquam
518 770 626 829 habere
646 767 772 848 potest,
799 770 878 849 quod
897 786 956 829 ram
982 771 1019 835 sit

324 850 466 911 scafilum
487 849 519 910 &
533 848 788 930 expressumque
808 851 1020 930 antiquissimos

332 950 456 1010 augures
479 951 539 989 non
563 928 738 1004 assensor,
762 948 933 1011 argumento
957 929 1020 1005 est,

332 1011 415 1096 quud
437 1011 588 1070 decretum
611 1010 728 1089 collegii
752 1027 836 1070 vetus
858 1011 1020 1084 habemus,

334 1111 456 1167 ornnem
484 1110 570 1150 avem
605 1089 762 1169 tripudium
796 1090 893 1150 facere
928 1088 1024 1169 polle.

333 1168 415 1230 Tum
433 1171 518 1251 igitur
536 1167 608 1230 esset·
625 1169 802 1249 auspicium,
821 1173 848 1229 si·
860 1171 950 1231 modis
973 1192 1022 1232 es·

333 1249 377 1310 set
396 1253 423 1310 ei
440 1251 564 1310 liberum
580 1247 608 1308 se
621 1248 791 1310 ostendisse:
809 1264 872 1309 tum
894 1252 954 1309 avis
972 1252 1021 1315 illa

334 1330 430 1392 videti
449 1327 543 1411 pollet
561 1330 703 1425 interpres
730 1328 891 1389 &satelles
914 1329 996 1392 Jovis
1011 1351 1032 1400 a

335 1431 414 1482 nunc
432 1411 505 1471 verri
517 1408 622 1469 inclusa
636 1431 665 1468 in
677 1428 786 1482 cavea,
801 1410 833 1469 &
843 1409 920 1469 farne
931 1423 1024 1470 enec·'

336 1502 395 1563 ta'-‚
411 1492 436 1549 si
452 1494 481 1551 in
503 1488 590 1550 offam
609 1490 694 1569 pultis
711 1491 847 1565 invadit,
874 1491 906 1550 &
928 1492 951 1549 si
972 1491 1024 1551 ali·

338 1570 410 1652 quid
432 1589 470 1629 ex·
488 1590 538 1630 ore
557 1570 688 1643 cecidit,
713 1571 771 1631 hoe
791 1587 820 1629 ru
843 1570 1000 1650 auspicium
1008 1586 1037 1645 ᾗ,

338 1666 389 1710 aut
406 1650 463 1711 hoc
475 1650 567 1711 modo
584 1649 743 1718 Romulum
759 1650 895 1732 auspicati
910 1650 1025 1713 solitum

339 1731 445 1813 putas?
469 1731 533 1794 lam
558 1731 594 1792 de
616 1732 694 1790 caelo
721 1731 833 1791 servate
858 1753 919 1792 non
945 1735 953 1790 i
976 1729 1024 1792 sos

341 1809 439 1872 censes
459 1809 581 1882 solitos,
601 1813 650 1890 qui
670 1808 916 1889 auspicabantur?
986 1832 1029 1873 uc*

341 1893 486 1971 impetant
505 1890 647 1969 pullario:
668 1889 716 1948 ille
736 1891 897 1950 renuntiat·
1017 1952 1023 1962 ,

381 1989 433 2047 74.
457 1969 579 2030 Fulmen
596 1967 736 2029 sinistrum
747 1969 932 2050 ,auspicium
948 1969 1032 2051 optie

341 2071 425 2111 mum
450 2050 590 2110 habentus
617 2050 654 2109 ad
684 2069 786 2118 omnes
804 2067 877 2124 res,
903 2068 1050 2131 praeteray

342 2152 431 2212 quam
451 2130 487 2190 ad
508 2131 624 2189 comitia
643 2149 656 2188 ε·
671 2130 752 2212 quod
779 2130 896 2211 quidem
916 2129 1028 2192 institu-

342 2227 405 2271 tum
423 2211 586 2291 reipublicae
606 2211 691 2270 caussa
708 2209 770 2284 est,
791 2229 822 2285 ut
841 2213 1040 2285 comitiorum¹

342 2292 393 2352 vel
412 2293 443 2350 in
460 2290 572 2371 judiciis
590 2294 709 2372 populi,
720 2293 768 2350 vel
786 2295 815 2352 in
830 2289 893 2373 jure
907 2292 1034 2375 legum,

344 2374 394 2433 vel
411 2374 440 2431 in
457 2371 588 2432 creandis
604 2371 812 2454 magistratibus
830 2375 974 2454 principes
988 2376 1032 2444 cir

344 2454 441 2513 vitatis
459 2451 550 2513 essent
571 2455 759 2533 interpretes,
778 2452 821 2512 At
841 2452 911 2512 Tib.
937 2451 1033 2514 Graes

345 2534 392 2593 chi
412 2534 511 2594 litteris
529 2532 627 2610 Scipio
652 2534 685 2592 δι
706 2531 846 2611 Figulus,
864 2533 944 2614 qubd
965 2551 1034 2595 tum

345 2634 466 2695 augures
483 2610 651 2691 iudicassent
668 2632 720 2677 eos
737 2613 811 2672 vitio
829 2632 942 2674 creatos
952 2613 1009 2674 elle
1018 2656 1036 2689 ,.

346 2692 513 2774 magistratu
523 2692 552 2752 se
568 2691 869 2772 abdicaveruntsQuis
880 2709 966 2774 negat
982 2713 1038 2753 au·-

342 2794 452 2855 gutum
469 2771 534 2832 disci
556 2772 645 2832 linam
660 2771 742 2832 effe?
759 2774 967 2834 divinationem
982 2792 1037 2833 ne·

371 2874 400 2911 o.
425 2854 465 2911 At
482 2795 621 2933 aruspices
638 2852 751 2926 divini3
770 2874 845 2934 ¹quos
861 2851 1043 2933 quumTib„'

349 2873 508 3026 {iracchuso
535 2936 654 3013 propter
692 2949 820 2994 mortem
856 2934 1043 3012 repentinam·

375 3007 382 3019 0

352 3029 419 3092 ,auu
429 3054 448 3086 a
458 3033 511 3096 qu
526 3035 557 3086 in
572 3016 764 3098 prerogativa
780 3011 915 3158 reseregd
938 2978 1047 3109 ,sulum

870 3147 882 3165 t
899 3159 903 3165 .
920 3115 945 3166 tl
