2709 4017
397 370 858 450 Ltoru'izcvunvs.
903 396 981 474 425

297 493 345 555 vir
361 492 456 554 bouus
471 490 613 565 efficitur,
632 495 663 551 &
675 493 777 567 furtu,
790 492 870 556 Cato
885 494 983 557 noster

298 575 328 632 in
351 574 453 633 horum
466 574 603 641 librorum
622 595 744 634 numero
760 575 912 655 ponendus
931 565 985 638 eii.

298 652 461 733 Quumque
490 653 690 727 Aristoteles,
717 658 850 737 itemque
874 650 983 716 Theo-

296 733 443 814 phrastus,
457 734 636 809 ¹excellentes
655 737 708 792 viri
730 757 817 815 quum
841 735 981 796 subtilita-

296 831 347 887 te,
368 832 428 874 turn
448 815 533 893 copii.
552 861 561 886 ,
581 814 646 873 cum
668 813 848 896 philosophia
869 817 982 878 dicendi

295 896 384 953 etiam
403 915 547 973 praecepta
567 894 787 971 conjunxerint,
808 894 893 955 nostri
907 918 983 975 quo·

294 987 353 1055 que
375 972 509 1034 Oratori'r
531 975 594 1032 libri
616 978 644 1032 in
669 977 807 1035 eumdem
827 997 980 1038 numerum

293 1053 441 1114 referendi
456 1055 601 1113 videntur.
624 1052 667 1112 lta
683 1072 740 1114 tres
753 1073 835 1114 erunt
849 1056 885 1115 de
904 1055 982 1118 Ora·-

294 1152 360 1194 tore
374 1154 383 1207 3
400 1153 534 1214 quartus,
553 1134 657 1192 Brutus
666 1154 676 1206 ;
691 1137 823 1215 quintus,
838 1135 960 1196 Orator.

335 1212 372 1273 ll.
396 1213 501 1272 Adhuc
520 1215 579 1272 haec
596 1233 694 1272 erant:
714 1215 750 1272 ad
768 1216 877 1296 reliqua
892 1217 979 1276 alacri

293 1294 486 1355 tendebamus
511 1297 631 1367 animo,
654 1297 694 1353 sic
734 1298 827 1367 arati,
849 1312 902 1370 ut,
925 1297 979 1356 nisi

293 1396 358 1456 quae
373 1374 454 1433 causa
467 1375 583 1455 gravior
601 1316 767 1447 obstitisszss
788 1376 896 1435 nulium
913 1372 980 1456 phi'-

292 1455 431 1535 Iosophiae
449 1455 548 1512 locum
567 1452 623 1513 effe
643 1474 826 1534 pateremur,
846 1459 892 1536 qui
915 1470 978 1516 non

291 1533 399 1595 Latinis
429 1534 528 1594 litteris
553 1533 704 1594 illustratus
732 1556 852 1614 pateret.
882 1536 980 1616 Quod

291 1618 371 1675 enim
389 1635 492 1674 munus
508 1615 672 1694 reipublicae
688 1613 788 1674 afferre
809 1614 900 1691 majus
914 1632 978 1676 me'-

290 1694 382 1755 liusve
397 1693 562 1775 possumus,
578 1694 664 1774 quim
686 1697 709 1752 si
728 1695 868 1754 docemus
889 1713 979 1777 atque

290 1775 437 1836 erudimus
456 1773 659 1851 juventutem?
678 1774 721 1833 his
735 1774 889 1853 praeserrim
908 1784 977 1834 mo·-

289 1854 368 1914 ribus
392 1871 478 1936 arque
496 1855 697 1932 temporibus,
724 1854 825 1931 quibus
842 1857 878 1912 ito
902 1876 975 1934 pro-

288 1933 367 2016 lapsa
384 1933 425 1995 est
443 1980 453 2009 ‚
478 1953 509 1993 ut
526 1936 657 1994 omnium
680 1935 783 2016 opibus
801 1931 976 1998 refrenanda

288 2035 324 2076 ac
340 2014 504 2075 cofircenda
517 2017 561 2074 sit.
963 2062 967 2068 .

334 2112 362 2176 5.
391 2093 455 2155 Nec
477 2095 551 2153 vero
573 2094 603 2152 id
624 2093 699 2154 effici
723 2092 803 2175 poffe
831 2092 977 2172 confido}

288 2175 369 2255 quod
383 2195 421 2234 ne
440 2172 640 2252 postulandum
654 2176 770 2252 quidem
786 2173 845 2248 est,
861 2193 892 2236 ut
905 2196 974 2235 orn-

287 2275 340 2315 nes
357 2254 554 2314 adolescentes
568 2253 596 2313 se
617 2255 652 2314 ad
664 2257 724 2314 haec
738 2254 826 2314 studia
842 2277 971 2316 conver-

286 2350 366 2394 tant:
386 2336 470 2414 pauci
488 2335 617 2393 urinam!
640 2356 763 2414 quorum
779 2353 876 2393 tamen
888 2339 916 2392 in
928 2355 974 2396 rep

286 2414 401 2495 publica
417 2414 471 2473 lati
482 2433 582 2495 parere
598 2417 707 2492 poterit
721 2412 864 2472 industria.
876 2412 970 2494 Equi·

286 2494 355 2554 dem
376 2515 412 2554 ex
436 2495 478 2553 his
503 2497 589 2552 etiarn
610 2493 732 2552 frustum
757 2495 841 2574 capio
864 2494 972 2555 laboris

284 2576 365 2645 mei,
395 2575 445 2653 qui
469 2572 527 2654 jam
555 2591 637 2633 aetate
657 2573 788 2653 proveffi
815 2575 845 2631 in
868 2572 971 2634 nostris

284 2655 363 2714 libris
375 2654 554 2732 acquiescunt
567 2676 575 2725 ;
591 2675 715 2732 quorum
730 2653 822 2713 studio
833 2652 968 2734 legendi,

284 2755 382 2794 meum
408 2735 548 2794 scribendi
569 2732 691 2792 studium
711 2735 913 2796 vehementius
937 2735 968 2792 in

283 2815 346 2874 dies
365 2817 515 2874 incitatur:
535 2835 609 2892 quos
623 2814 739 2894 quidem
751 2815 866 2896 piureS,
879 2811 967 2892 quim

282 2895 395 2969 rebar,
427 2892 484 2956 esse
511 2897 648 2976 cognovi.
677 2892 865 2977 Magnificum
894 2890 970 2953 illud
