2709 4017
314 515 380 595 ‘562
526 513 776 572 Norasne

318 623 356 669 io.
376 613 493 666 Correxit
511 614 626 664 Davisius
645 629 675 661 er
695 614 751 661 loco
769 608 844 676 piane
860 608 959 679 gemino
976 609 1011 660 in·

320 693 357 742 iri
375 688 449 738 iiim
470 720 478 745 ,
508 700 550 748 17.
576 683 651 736 Pauld
674 683 725 749 posi
751 697 798 749 pro
820 685 1010 753 imprudentia,

320 763 445 828 mallemus
463 759 609 826 impudentia

358 838 429 897 369,
445 847 489 881 20.
508 831 609 893 Vestalis
623 828 677 878 iila.
694 827 780 877 Placet
793 826 938 893 conjeiiura
950 828 1010 878 iiie·

320 893 418 973 ionymi
437 905 562 955 columna
581 902 682 966 legentis
701 899 807 962 Vestalis
823 900 886 951 Ilia.

359 991 430 1042 371,
446 992 488 1027 21.
506 975 626 1040 Linquier.
647 970 683 1021 ita
700 973 812 1039 plerique
832 975 937 1024 codices
955 988 1006 1023 cum

321 1051 408 1118 regio,
424 1051 496 1113 idque
510 1047 619 1098 Grutero
636 1046 719 1110 piacet
738 1062 784 1110 pto
801 1049 907 1114 vuigato
922 1045 1012 1113 liquier.

322 1123 410 1172 Maiiet
429 1120 544 1169 Davisius
565 1119 645 1168 nitier.

361 1207 433 1256 372.
453 1207 498 1256 27.
518 1186 559 1241 Ex
574 1189 683 1240 Dinonis
702 1189 816 1239 Persicis.
839 1189 942 1240 Addunt
960 1190 1011 1238 vui·

321 1267 373 1333 goti
393 1263 481 1322 libris,
501 1277 571 1328 quam
590 1279 676 1312 vocem
696 1261 773 1311 abeiie
794 1279 807 1312 e
826 1264 909 1313 veteri
931 1262 1011 1312 codice

324 1339 426 1386 resiatur
438 1337 560 1386 Muretus.
578 1333 677 1385 Persica
689 1335 744 1384 sunt
759 1349 798 1384 res
815 1334 959 1394 Persarum,
974 1335 1012 1384 seu

324 1411 412 1475 scripta
432 1410 545 1458 derebus
566 1407 676 1457 Persicis.

362 1482 437 1546 381,
465 1494 510 1543 27.
542 1479 676 1546 Tomefada
694 1479 764 1546 porri.
785 1479 822 1528 ira
840 1478 960 1529 Davisius
983 1495 1012 1528 ex

324 1555 413 1604 codice
435 1554 547 1611 Eiiensi,
567 1569 638 1620 quem
657 1552 788 1616 sequimur.
807 1548 893 1619 Vuigb
911 1551 1013 1616 obstupe·

320 1624 387 1695 [asia
412 1640 480 1691 poen.
499 1624 563 1674 iniri
584 1642 638 1675 cnm
656 1624 743 1674 eodem
759 1620 862 1674 Davisio
882 1625 910 1675 δι
929 1625 1014 1673 Visio-

324 1699 362 1748 n'o
391 1698 502 1746 dedimus·
521 1694 617 1762 miscere
648 1699 784 1757 rideaturs
811 1696 837 1748 dt
855 1698 891 1747 sit
916 1697 1012 1747 codices

267 1800 271 1807 ·
323 1769 471 1825 Deiioiensis
484 1772 508 1820 δι
518 1770 601 1836 regius
610 1768 706 1828 noster,
719 1786 764 1835 pro
775 1767 875 1836 vulgato
885 1766 1012 1818 videamur.

365 1842 414 1906 385
429 1876 436 1898 ,
449 1860 475 1902 4.
489 1841 585 1901 Priamo
597 1839 716 1910 peperisti.
733 1838 770 1891 ita
786 1843 868 1908 regius
881 1844 976 1899 codex,
989 1848 1013 1890 ui

328 1927 360 1965 ex
372 1912 462 1964 Eiiensi
472 1915 538 1964 dedit
549 1914 672 1964 Davisius.
681 1913 878 1981 Vitiosbvuigati
886 1914 1013 1980 repperisti.

327 2018 330 2025 ·
364 1987 425 2036 ibid.
445 2000 488 2047 24.
508 1986 551 2035 Ad
565 1982 693 2052 te·reniffe
709 1986 893 2054 Dyrrstrciriturr.
911 1986 1014 2037 Codices

324 2059 354 2109 'ds
370 2059 428 2110 editi
448 2057 538 2109 vitiosi
557 2054 718 2125 Dyrrhachio.
736 2055 888 2109 Correxerat
906 2056 937 2107 ad
950 2068 1014 2108 oram

327 2133 381 2183 libri
402 2133 436 2183 sui
456 2131 493 2182 vir
513 2132 593 2194 nutitjs
616 2132 751 2182 nominibus
776 2131 844 2181 nobis
872 2130 1014 2182 desiderio·

325 2206 392 2262 dos,
413 2204 484 2258 ioan.
502 2205 572 2272 Bapr.
590 2202 653 2255 Lus.
675 2200 799 2267 Crevier,
817 2215 887 2274 quem
908 2205 1014 2272 nuperri-

325 2279 367 2326 me
386 2280 482 2343 inopina
501 2292 566 2329 mors
587 2279 680 2331 abumtt
702 2312 709 2337 ,
736 2278 835 2348 dignuin
862 2276 1013 2332 celeberrimi

326 2350 418 2401 Rollini
441 2351 579 2415 discipulum
601 2383 608 2409 ,
637 2363 665 2400 ac
688 2346 776 2401 deinde
796 2352 941 2419 scriptorum
961 2351 1010 2414 ejus

327 2422 499 2491 perseiiorem.
514 2420 594 2487 iiujus
606 2424 674 2488 piuta
687 2418 778 2475 exient
793 2425 885 2492 ingenii
898 2426 922 2477 &
936 2424 1012 2476 erudi·

327 2497 402 2546 rionis
410 2508 584 2554 monumenta,
603 2497 627 2545 in
645 2497 775 2563 primisque
787 2496 841 2547 iibri
852 2498 883 2548 de
896 2510 948 2549 arte
959 2499 1013 2547 rhe-

327 2569 405 2617 torica
415 2602 424 2623 ,
436 2586 497 2634 quos
509 2570 590 2633 paucis
601 2583 656 2619 ante
667 2571 758 2618 obitum
771 2571 895 2622 mensibus
905 2566 1014 2620 absolve·

327 2648 375 2690 rat.
387 2640 491 2692 Litteras
510 2638 572 2690 enim
591 2637 619 2690 ari
638 2640 772 2707 supremum
788 2642 864 2708 usque
884 2643 942 2693 vitae
952 2642 1013 2692 diem

328 2715 425 2772 coluit,
445 2730 474 2762 ac
494 2713 587 2780 semper
608 2715 638 2764 de
654 2711 784 2764 Academia
804 2707 1013 2766 parisiensibus

327 2789 430 2837 ‘meritus
450 2785 482 2836 est
501 2821 508 2844 ‚
540 2785 608 2850 cujus
628 2787 700 2837 etiam
716 2784 837 2838 itisioriam
855 2791 909 2855 pari
923 2785 970 2838 fide
989 2787 1015 2837 dt

326 2859 450 2927 elegantis
471 2856 611 2924 composuit.
631 2861 729 2912 Utinam
751 2860 866 2912 iiieh'anc
886 2859 1014 2911 Ciceronis

328 2933 460 2983 editionem
477 2934 559 2998 legere
572 2933 689 2999 integram
700 2933 812 2998 potuiiiet
825 2933 831 2982 i
847 2934 954 3003 Perlegit
967 2934 1014 2982 duo

328 3007 402 3071 prima
422 3007 543 3055 volumina
565 3038 572 3061 ‚
599 3021 700 3070 quorum
720 3006 750 3056 ad
770 3007 905 3074 marginem
930 3006 1014 3056 adscri-

327 3073 382 3140 'pras
396 3078 470 3125 tribus
484 3077 544 3126 iocis
559 3078 740 3129 emendationes
756 3082 911 3144 reperimus,
927 3080 951 3130 in
965 3080 1014 3145 qui·

325 3148 375 3197 irus
394 3147 443 3212 ipsa
462 3149 486 3199 se
507 3148 588 3216 prodit
606 3149 766 3202 iufirmitas
783 3149 1013 3223 igiturhicleiiori
