2709 4017
385 523 463 607 '392
513 507 578 576 Da
613 519 940 591 υμνιΝΑτιοΝε,4

385 643 447 685 rum
465 622 604 704 serpentis
620 620 777 701 amplexu3
816 641 855 680 uo
874 616 1011 700 adspettu
1031 639 1079 680 ex·

384 707 483 765 territa
506 749 515 773 ,
541 703 699 762 clamorem
727 642 846 761 sustulit.
870 699 954 760 Pater
978 717 1078 760 autem

383 783 482 845 Roscii
499 783 534 842 ad
553 783 694 862 aruspices
714 782 829 852 retulit,
851 782 900 862 qui
916 778 1078 860 responde·

383 882 472 935 runt,
491 862 560 922 nihil
581 863 632 921 illo
646 883 738 942 puero
761 862 881 932 clarius,
899 861 970 919 nihil
987 861 1079 921 nobi·

383 943 438 1006 lius
459 943 535 1003 fore.
555 944 655 1022 'Atque
681 941 790 1001 hanes
807 943 900 1001 eciem
918 938 1078 1001 Praxiteles

384 1025 498 1085 caelavit
516 1039 662 1100 argento,
684 1022 716 1082 &
739 964 836 1082 noller
854 1023 996 1102 expressit
1016 1019 1078 1082 Ar·

381 1104 465 1166 ⁴chias
483 1103 624 1162 versibus.
679 1119 683 1124 ’
873 1137 880 1146 -

349 2097 353 2111 «
390 2068 455 2140 nis,

383 1245 386 1249 ,
428 1203 482 1261 79.
499 1182 581 1263 Quid
595 1184 682 1264 igitur
700 1178 894 1260 exspeelamus
912 1180 923 1240 ἓ
948 1201 986 1241 an
1004 1178 1075 1240 dum

386 1265 418 1324 in
436 1263 502 1323 foro
520 1261 671 1323 nobiscum
690 1259 728 1320 dii
744 1262 946 1334 immortales,
966 1261 1037 1320 dum
1049 1263 1078 1320 in

386 1346 441 1406 viis
460 1342 628 1416 versentur,
660 1341 729 1400 dum
751 1341 859 1402 domi?
886 1341 1078 1422 quiquidem

387 1427 443 1485 isi
462 1423 491 1485 se
516 1424 600 1484 nobis
624 1443 685 1482 non
709 1417 865 1495 offerunt,
892 1424 953 1482 vim
980 1435 1079 1481 autem

386 1447 465 1566 dam
474 1501 687 1584 longhlateque
697 1499 857 1562 diffundunt
867 1522 877 1573 3
887 1522 975 1583 quam
986 1499 1076 1596 quum

387 1601 473 1646 terrae
497 1583 627 1643 cavernis
647 1581 817 1656 includunt,
836 1598 899 1643 tum
923 1582 1077 1641 hommum

387 1664 496 1724 naturis
512 1662 680 1741 implicant:
693 1682 760 1720 nam
778 1681 861 1723 tertae
879 1663 923 1720 vis
940 1658 1078 1741 Pythiam

386 1741 515 1823 Delphis
524 1741 683 1815 incitabat,
705 1760 812 1802 naturae
826 1740 980 1822 Sibyllam.
992 1740 1077 1821 Quid

388 1826 468 1885 enim
480 1824 491 1884 i
512 1845 572 1885 non
585 1821 743 1894 videmus,
760 1822 847 1904 quim
861 1825 917 1881 sint
933 1823 1079 1883 variater·

388 1926 485 1966 rarum
501 1924 607 1987 genera
617 1921 627 1976 ;
639 1922 675 1988 ert
685 1904 787 1982 quibus
796 1904 835 1963 ⁷&
846 1901 995 1963 mortifera
1004 1923 1079 1983 quae·

390 1985 460 2046 dam
502 2007 548 2046 ars
565 1982 627 2056 est,
647 2000 679 2043 ut
699 1984 731 2043 &
751 1981 917 2065 Ampsanffi
932 1985 962 2042 in
978 1983 1079 2064 Hirpi·

476 2007 507 2126 ἐ
527 2068 557 2126 in
572 2065 643 2124 Asia
658 2063 816 2138 Plutonia,
841 2085 904 2144 quae
923 2063 1076 2124 videmus:

392 2147 427 2208 &
446 2147 508 2206 sunt
530 2163 626 2227 partes
650 2165 785 2226 agrorum
801 2145 862 2204 aliae
888 2142 1077 2225 pestilentes3

387 2227 452 2286 aliae
468 2225 616 2298 salubres3
631 2224 712 2298 aliae,
731 2247 795 2305 quae
809 2241 891 2284 acuta
907 2227 1023 2306 ingenia
1032 2225 1079 2306 gi·

411 2323 500 2376 nant;
519 2307 580 2365 aliae
599 2325 663 2386 quae
680 2305 788 2364 retusa:
808 2326 872 2386 quae
888 2307 986 2363 omnia
1005 2303 1077 2363 siunt

388 2327 477 2446 {tert
503 2386 569 2446 coeli
586 2386 748 2458 varietate,
771 2386 803 2446 &
827 2405 863 2448 ex
881 2384 1005 2466 disparili
1024 2384 1078 2444 ad·

387 2466 543 2548 spiratione
556 2483 707 2528 terrarum.
1022 2494 1024 2498 Α

429 2565 480 2627 80.
501 2566 547 2626 Fit
571 2567 658 2626 etiam
686 2566 760 2646 saepe
788 2563 883 2646 specie
916 2561 1043 2644 quadam
1067 2607 1078 2634 ,

388 2645 465 2726 saepe
484 2667 593 2708 vocum
607 2649 748 2727 gravitate
763 2645 933 2706 &cantibus
946 2687 956 2716 ,
970 2644 1078 2724 utpel·

388 2727 484 2788 lamus
510 2727 598 2787 animi
622 2727 850 2787 vehementihs:
885 2722 965 2804 saepe
988 2727 1078 2784 etiam

391 2808 460 2869 curii
471 2809 503 2870 &
516 2809 638 2868 timore:
653 2807 744 2887 qualis
762 2805 803 2867 est
818 2805 885 2878 illa,

393 2948 534 3000 flexanima
548 2963 662 3014 tamquam
676 2949 815 3015 lymphata,
830 2961 870 2996 aur
880 2943 970 2994 Bacchi
982 2940 1062 3009 sarria

393 3041 531 3098 Commota,
551 3039 680 3092 summulis
693 3039 803 3090 Teucrum
814 3036 1078 3105 commemoranr'fituu.
