2709 4017
420 539 497 632 236
536 537 602 607 Da
626 550 799 603 unauna
827 551 1044 619 neoavnr,

417 658 534 727 tiones,
561 653 716 731 omniaque
734 647 863 709 tradusia
887 649 927 708 ad
954 648 1102 711 similitudi·

418 755 489 801 nem
506 733 707 793 imbecillitatis
731 731 873 789 humanae.
895 728 980 789 Nam
1001 741 1030 793 &
1050 750 1103 812 pet·

412 816 537 874 turbatis
546 815 646 872 animis
656 812 828 871 inducuntur
839 831 848 880 ;
863 812 1029 889 accipimus
1041 813 1104 871 enin

419 895 543 954 deorum
560 893 750 971 cupiditates,
771 889 985 971 aegritudines,
1003 894 1105 951 iracun-

413 975 501 1034 dias:
521 993 575 1033 nec
588 974 682 1042 verb,
702 991 732 1032 ut
743 970 847 1030 fabutae
861 968 990 1045 ferunt‚·
1011 972 1051 1032 dii
1060 970 1106 1031 bel·

416 1056 453 1115 lis
469 1042 632 1135 proeliisque
653 1068 804 1112 caruerunt
820 1070 828 1108 ε
858 1069 915 1110 nec
942 1049 1043 1112 sellim
1056 1096 1067 1123 ,
1082 1064 1105 1111 nt

420 1135 500 1214 apud
509 1135 672 1193 Homerum
685 1177 694 1204 ‚
707 1153 794 1212 quum
806 1131 864 1189 duo
884 1135 1038 1193 exercitus
1048 1152 1107 1191 con·

421 1217 525 1274 trarios
542 1215 588 1273 alii
610 1213 648 1272 dii
667 1233 702 1272 ex
723 1213 776 1271 alia
794 1228 876 1290 parte
895 1210 1106 1284 defenderent,

421 1295 594 1368 sedetiam,
615 1311 729 1353 utcum
751 1289 890 1360 Titanis,
919 1309 953 1351 ut
974 1313 1045 1353 curn
1061 1289 1106 1352 Gi·

422 1376 576 1457 gentibus,
594 1376 711 1454 propria
725 1371 803 1431 bella
819 1367 981 1451 gesserunt.
1003 1371 1107 1433 Haec&

422 1457 572 1526 dicuntur,
586 1458 617 1513 ὅ(
632 1454 786 1513 creduntur
801 1449 989 1526 stultissime,
1010 1453 1043 1513 &
1056 1451 1108 1534 ple·

422 1557 460 1595 na
478 1535 540 1595 sunt
555 1534 715 1607 futilitatis,
736 1532 914 1612 summaeque
931 1532 1072 1593 levitatis.

462 1633 512 1689 7¹·
533 1612 592 1674 Sed
610 1632 728 1685 tamen,
748 1613 791 1671 his
811 1611 915 1671 fabulis
933 1611 1060 1692 spretis,
1078 1630 1107 1673 es

423 1694 608 1782 repudiaris,
637 1694 708 1753 deus
731 1693 877 1772 pertinens
903 1712 960 1771 per
985 1711 1110 1754 naturam

423 1773 557 1854 cujusque
576 1777 641 1843 rei,
660 1795 710 1852 per
722 1792 807 1832 terras
823 1769 937 1844 Ceres,
958 1775 1107 1852 pertruaris

424 1853 599 1935 Neptunus,
618 1855 663 1912 alii
686 1874 738 1933 per
755 1854 828 1924 alia,
846 1869 992 1932 poterunt
1012 1854 1113 1915 intelli·

425 1937 476 2015 gi,
497 1940 563 2015 qui,
580 1933 734 2014 qualesque
752 1934 831 2003 sint,
850 1952 972 2013 quoque
991 1953 1046 1995 eos
1062 1954 1112 1993 no·

425 2018 504 2076 mine
516 2013 695 2075 consuetudo
711 2014 937 2090 nuncupaverit:
956 2035 1036 2094 quos
1045 2014 1112 2075 deos

389 2100 391 2104 '
426 2097 459 2154 &
481 2096 685 2174 venerumt&
711 2094 808 2152 colere
828 2092 983 2152 debemus.
1014 2093 1112 2156 Cultus

425 2193 522 2233 autem
540 2176 661 2233 deorum
681 2172 722 2233 est
741 2173 1042 2256 optimus,idemque
1057 2196 1114 2235 cas·

423 2256 568 2326 tissimus,
583 2270 668 2332 atque
685 2253 872 2312 sanslissimus
885 2298 897 2325 ,
919 2253 1114 2332 plenissimus·

424 2353 481 2412 que
495 2335 629 2412 pietatis,
641 2350 671 2391 ut
689 2353 741 2393 eos
754 2334 867 2412 semper
878 2333 970 2413 puri,
985 2336 1114 2418 integrs,

425 2413 634 2493 incorrupti&
644 2432 766 2486 mente,
785 2413 818 2473 &
831 2434 908 2474 voce
918 2433 1112 2476 veneremur:

424 2514 486 2552 non
501 2497 578 2554 enim
598 2494 760 2574 philosophi
774 2493 887 2566 sullam,
906 2497 1016 2555 verbrn
1031 2499 1113 2557 etiarn

424 2573 552 2649 majores
570 2572 657 2634 nostri
682 2572 910 2656 superstitionem
933 2595 950 2633 a
973 2577 1113 2659 religione

424 2653 640 2733 separaverunt.

466 2753 516 2808 72.
538 2733 614 2793 Nam
635 2734 684 2814 qui
706 2751 786 2795 totos
811 2733 872 2794 dies
890 2735 1115 2815 precabantur,

426 2815 459 2874 &
473 2814 682 2887 immolabant,
698 2833 729 2873 ut
744 2813 843 2874 sibisui
853 2816 936 2875 liberi
952 2815 1114 2896 superstites

426 2893 536 2967 essent,
555 2895 733 2975 superstitiosi
758 2893 819 2952 sunt
838 2896 1000 2975 appellari;
1037 2895 1114 2978 quod

426 2995 535 3036 nomen
566 2974 666 3055 postea
690 2975 771 3033 latius
795 2979 896 3052 patuit.
925 2975 990 3056 Qui
1015 2994 1115 3060 autem

425 3058 546 3131 omnia,
563 3077 627 3141 quae
643 3055 681 3117 ad
703 3053 812 3119 cultum
837 3055 962 3119 deorum
982 3059 1116 3140 pertiue-
