2709 4017
398 544 476 629 '340
503 530 573 601 Da*
593 549 766 602 aarum
796 551 1007 625 nanuum,

396 650 566 730 nobisipsis
587 651 640 707 sita
662 649 817 711 videmus:
844 649 936 710 salutis
961 695 972 726 ‚
995 653 1087 733 opis,

392 728 523 788 'vidoriae
551 728 671 788 facultas
704 752 720 789 a
748 729 800 788 diis
834 731 1001 810 expetenda
1034 731 1084 794 est.

395 805 602 890 Improborum
621 813 629 868 i
650 811 706 868 itur
731 807 933 890 prosperitates
951 856 962 884 ,
980 811 1086 872 secun·

396 888 498 969 daeque
519 909 564 948 res
590 829 764 970 redarguunt
783 888 838 970 (ut
855 887 1012 973 Diogenes
1039 892 1084 952 di-

395 967 505 1050 cebat)
533 971 594 1030 vim
623 989 744 1029 omnem
771 969 923 1042 deorum,
962 993 996 1031 ac
1024 994 1084 1053 po·

391 1047 534 1114 testatem.
1021 1062 1022 1067 ¹

433 1126 624 1189 XXXVII.
646 1127 688 1188 At
721 1148 940 1210 nonnumquam
983 1129 1081 1208 bonos

394 1211 487 1270 exitus
503 1210 611 1270 habent
627 1210 709 1268 boni.
732 1205 791 1268 Eos
808 1210 926 1288 quidem
945 1210 1083 1285 adscribi·

393 1311 481 1364 mus,
499 1287 682 1349 attribuimus
699 1309 734 1347 ue
754 1291 813 1348 sine
826 1288 883 1348 ulla
903 1291 1017 1349 ratione
1029 1292 1080 1351 diis

390 1371 615 1431 immortalibus.
633 1370 674 1429 At
723 1373 748 1428 ia
770 1390 854 1440 oras,
873 1390 962 1449 quum
977 1369 1086 1431 Samo·.

347 1478 352 1482 *
390 1451 530 1511 thraciam
548 1448 688 1522 venisset,
711 1390 825 1508 AtXeos
838 1449 886 1509 ille
901 1448 1078 1530 quidicitut,

393 1548 480 1611 atque
503 1533 529 1589 ei
548 1531 663 1610 quidam
688 1532 817 1603 amicus,
840 1527 888 1588 Tu
908 1573 918 1602 ,
938 1533 988 1609 qui
1006 1529 1078 1592 deos

392 1626 476 1688 putas
491 1609 615 1668 humana
632 1609 708 1689 negli
731 1628 803 1682 ere,
825 1629 924 1669 nonne
944 1611 1078 1670 animad-

390 1691 503 1762 vertis,
526 1709 563 1749 ex
579 1706 624 1748 tot
644 1629 748 1748 tabulis
767 1688 868 1769 pislis,
892 1693 980 1770 quarn
994 1691 1077 1752 multi

390 1771 470 1830 votis
490 1770 551 1829 vim
568 1767 743 1849 tempestatis
766 1766 938 1850 effugerint,
957 1773 987 1829 in
1007 1791 1078 1851 por·

391 1865 512 1932 tumque
524 1849 592 1909 salvi
608 1848 816 1930 pervenerint?
829 1850 876 1909 Ita
889 1851 946 1928 fit,
965 1853 1075 1931 inquit:

390 1932 437 1990 illi
455 1933 524 1990 enim
539 1932 667 2010 nusquam
684 1931 748 2012 piei
762 1933 849 2009 sunt,
866 1933 913 2008 qui
926 1930 1074 2013 naufragia

382 2009 529 2090 fecerunt,
551 2015 580 2070 in
599 2015 718 2090 marique
737 2012 883 2088 perierunt.
894 2044 897 2049 ·
909 2009 1072 2093 Idemque,

388 2112 477 2172 quum
496 2095 524 2152 ei
541 2093 687 2172 naviganti
707 2089 837 2151 restores
852 2089 974 2151 advers&
994 2107 1075 2152 tem·

386 2169 497 2249 pestate
510 2172 601 2230 timidi
620 2173 651 2230 &
672 2172 815 2251 perterriti
834 2170 992 2244 dicerent,
1012 2193 1073 2232 non

387 2248 490 2328 injuriai
505 2252 559 2308 sibi
584 2250 653 2308 illud
674 2251 833 2323 accidere,
862 2252 911 2332 qui
934 2251 1015 2327 illum
1042 2254 1072 2313 in

387 2329 523 2390 eamdem
540 2350 647 2389 navem
663 2330 833 2411 recepissent
850 2350 860 2403 3
885 2329 1011 2390 ostendit
1031 2335 1071 2392 eis

385 2411 416 2468 in
440 2409 547 2469 eodem
570 2408 649 2469 cursu
672 2411 775 2470 multas
798 2411 865 2470 alias
885 2411 1070 2486 laborantes,

294 2557 297 2562 ¹
409 2491 597 2571 uaesivitque,
621 2513 689 2550 num
720 2493 807 2551 etiam
827 2494 856 2550 in
886 2491 918 2550 iis
947 2493 1070 2552 navibus

385 2510 548 2652 Eiagoram
571 2572 641 2632 vehi
660 2572 823 2632 crederent.
845 2570 891 2630 Sic
917 2575 996 2630 enirn
1024 2593 1069 2632 res

383 2649 414 2710 se
439 2652 547 2725 habet,
570 2668 602 2710 ut
623 2651 660 2711 ad.
686 2651 852 2733 prosperam
878 2651 1068 2714 adversamve

383 2726 552 2808 fortunam,
570 2733 659 2809 qualis
677 2735 733 2804 sis,
756 2749 803 2791 aut
818 2731 1068 2812 quemadmodum

382 2809 489 2874 viseris
501 2857 511 2884 ,
531 2811 600 2870 nihil
611 2813 730 2871 intersit.

423 2910 473 2964 90.
494 2890 564 2951 Non
582 2890 954 2972 animadvertunt,inquit,
967 2895 1068 2952 omnia

381 2962 439 3030 dii':
470 2993 507 3032 ne
529 2990 613 3050 reges
630 2971 758 3050 quidem.
778 2971 860 3052 Quid
882 2969 922 3030 est
947 2974 1068 3034 simile?

379 3049 477 3131 Reges
508 3052 586 3112 enim
616 3053 639 3109 si
666 3049 786 3114 scientes
813 3055 1066 3133 praetermittunt,
