2709 4017
371 524 529 594 Lrurrt
556 541 840 595 srcvrruus.
883 545 957 618 215
1039 597 1042 601 .

270 659 340 721 pars
352 685 359 708 ‚
373 641 511 720 quoniam
528 641 646 698 rationis
663 636 704 700 est
716 643 878 720 particeps,
893 641 959 720 plu·

272 724 311 780 ris
327 717 384 778 esse
398 720 484 799 quim
500 719 640 778 mundum
659 741 778 779 omnem
798 737 959 800 oporteret.

318 816 365 876 34.
388 800 487 879 Atque
496 801 582 858 etiam
592 802 614 857 si
626 820 641 857 a
655 801 753 877 primis
764 800 959 880 inchoatisque

273 881 382 950 naturis
405 880 443 938 ad
464 880 576 938 ultimas
601 878 797 960 perfediasque
824 882 959 940 volumus

273 959 454 1040 procedere,
474 959 511 1019 ad
523 959 646 1019 deorum
659 976 790 1018 naturam
805 961 962 1039 pervenia-
992 992 996 997 ·

275 1060 341 1098 mus
362 1037 474 1100 neceffe
493 1037 543 1099 est.
564 1037 660 1096 Primi>
680 1041 758 1098 enim
776 1041 961 1100 animadver-

263 1122 386 1189 timus,
404 1141 421 1178 a
438 1136 537 1178 natura
549 1117 675 1178 sustineri
692 1139 747 1192 ea,
763 1141 830 1201 quae
842 1122 962 1201 gignun-

276 1216 324 1258 tur
352 1217 369 1258 e
392 1206 486 1272 t'erra,
510 1200 612 1280 quibus
641 1217 740 1258 natura
765 1201 835 1258 nihil
865 1200 961 1259 tribuit

278 1278 430 1357 amplius,
458 1277 543 1358 quim
565 1297 596 1337 ut
619 1297 652 1336 ea
674 1279 781 1338 alendo
806 1297 892 1358 atque
908 1301 963 1339 au·

274 1358 379 1440 gendo
404 1373 541 1417 tueretur.
569 1355 667 1416 Be'stiis
686 1376 783 1418 autem
800 1359 910 1420 sensum
930 1361 963 1419 &

278 1456 396 1499 motum
422 1437 521 1511 dedit,
544 1439 577 1496 ὅ(
595 1458 660 1496 cum
678 1438 805 1518 quodam
831 1442 963 1518 appetitu

275 1516 424 1579 :acceffum
441 1518 477 1576 a'd
490 1538 535 1576 res
553 1516 704 1590 salutares,
726 1540 742 1577 a
759 1517 898 1599 pestiferis
917 1538 965 1578 re·

281 1595 405 1659 ceffum:
426 1598 482 1656 hoc
500 1599 611 1679 homini
622 1599 764 1676 amplius,
785 1599 863 1679 qubd
881 1598 964 1659 addi·

282 1680 325 1738 dit
344 1681 505 1749 rationem,
520 1679 575 1758 qui
591 1696 759 1758 regerentur
772 1681 857 1737 animi
875 1698 965 1759 appe·

281 1760 373 1831 titus,
392 1760 441 1837 qui
460 1774 523 1817 tum
540 1761 775 1830 remitterentur,
791 1775 854 1817 tum
872 1761 966 1818 conti·

282 1855 432 1898 nerentur.

325 1915 409 1976 XIII.
429 1915 557 1996 Quartus
572 1933 669 1976 autem
688 1914 791 1996 gradus
812 1914 844 1974 δι
863 1914 967 1974 altissi-

285 2018 352 2059 mus
365 1995 405 2056 est
418 2015 518 2056 eorum
531 2040 541 2069 ,
557 1999 604 2075 qui
620 1998 719 2054 naturai
736 1996 805 2054 boni
816 1993 969 2074 sapientes·

272 2096 345 2159 ¹que
363 2079 535 2158 gignunt-um
556 2075 656 2155 quibus
683 2096 699 2133 a
717 2077 856 2154 principio
874 2073 971 2133 innas-

286 2161 360 2216 citur
382 2159 452 2216 ratio
473 2155 549 2216 resta
566 2154 773 2236 constansque,
803 2176 865 2235 quae
885 2153 969 2234 supra

286 2239 438 2298 hominem
450 2235 576 2316 putanda
588 2234 629 2295 est
638 2268 658 2309 ,·
669 2235 786 2316 deoque
799 2236 970 2308 tribuenda,

274 2318 321 2377 -id
344 2315 403 2388 est,
424 2316 559 2388 mundo;
580 2316 609 2373 in
632 2336 691 2395 quo
714 2313 824 2374 necesse
845 2314 884 2375 est
902 2336 971 2395 per-

275 2395 485 2458 -fediamiliam
505 2413 592 2474 atque
609 2393 765 2454 absolutam
782 2393 868 2454 ineffe
884 2397 973 2453 ratio-

274 2498 372 2537 ·nom.
399 2475 504 2555 Neque
530 2478 607 2534 enim
638 2475 694 2534 dici
718 2473 839 2555 potest,
864 2476 893 2532 in
916 2476 972 2533 ulia

290 2577 388 2617 rerum
407 2548 581 2614 institutione
598 2574 657 2611 non
675 2552 731 2613 effe
751 2552 856 2632 aliquid
874 2570 973 2613 extre·

277 2657 375 2697 mum
395 2651 479 2714 atque
499 2632 669 2714 perfeetum.
690 2632 826 2692 Utenim
850 2635 878 2690 in
891 2634 975 2706 vite,

292 2718 369 2776 utin
382 2714 495 2793 pecude
516 2712 594 2852 quisi
607 2734 670 2793 quae
685 2715 728 2772 vis
745 2710 874 2793 obstitit)
889 2712 975 2770 vide-

279 2814 361 2856 *mus
374 2808 502 2852 naturam
528 2814 566 2853 uo
586 2792 713 2874 quodam
735 2794 837 2852 itinere
855 2791 891 2850 ad
908 2791 976 2853 uiti-

295 2893 379 2936 mum
397 2874 548 2952 pervenire
560 2893 570 2948 ;
584 2892 670 2954 atque
685 2890 715 2931 ut
729 2873 836 2952 pistura
850 2873 880 2929 &
891 2867 979 2926 fabri·

281 2976 351 3026 ·ca,
370 2969 529 3032 ceteraeque
546 2972 620 3013 artes
633 2955 740 3012 habent
754 2949 910 3033 quemdam
927 2945 978 3002 ab·

296 3034 383 3096 soluti
394 3032 493 3113 operis
508 3030 659 3106 effecium3
672 3034 712 3091 sic
725 3030 850 3092 inomni
862 3041 980 3098 natura,
