2709 4017
406 505 501 571 'reo-
532 490 965 570 Aeunnmconnir

407 611 542 671 sit'uitro
566 615 698 692 citroque
720 613 866 692 versetut3
887 610 1090 677 &materiam

404 690 494 770 ipsam
513 693 610 752 rotam
627 696 742 772 penitus
768 695 940 752 commutari
960 706 1113 772 putant,'

406 772 441 830 &
454 772 506 830 illa
527 771 603 831 effici
619 771 844 854 quae'appellant
860 775 974 851 qualia,
986 793 1006 833 e
1022 777 1105 853 qui·-

404 849 459 910 bus
479 853 510 909 in
527 854 608 912 omni
629 869 730 911 natura
748 850 912 912 eohaerente
940 852 973 912 δι
989 856 1090 913 conti-
1108 923 1111 927 ,

404 946 492 989 nnata
504 952 570 991 oum
588 930 789 996 omnibussuis
807 932 934 1012 partibus
951 930 1089 993 effebum
1108 948 1113 978 -’

331 1067 335 1074 .
404 1008 463 1070 effe
480 1011 621 1071 mundum
633 1033 643 1082 ;
657 1029 737 1071 extra
750 1030 837 1092 quem
852 1012 930 1072 nulla
945 1033 1011 1092 pars
1027 1034 1089 1074 ma·
1106 1028 1110 1033 '

403 1092 483 1163 teriae
504 1094 563 1165 sit,
582 1093 888 1172 nullumquecorpus.
1104 1118 1108 1126 ’

427 1189 510 1249 .29..
523 1169 624 1232 Partes
645 1190 743 1232 autem
764 1169 820 1232 effe
839 1171 939 1231 mundi
961 1173 1088 1246 omnia,
1111 1201 1114 1206 ·

404 1269 469 1332 quae
488 1254 575 1311 insint
593 1255 624 1312 in
643 1273 680 1312 eo
701 1295 712 1326 ‚
742 1272 806 1332 quae
821 1249 923 1311 naturit
943 1248 1102 1312 sentiente.

398 1345 580 1404 ,teneantur3
608 1335 638 1390 in
660 1352 719 1412 qua
746 1333 819 1391 ratio
867 1327 972 1390 erseiia
989 1333 1057 1390 insit
1074 1350 1108 1406 ,ε

403 1431 469 1489 quae
483 1413 519 1470 sit
532 1413 636 1472 eadem
650 1411 823 1490 sempiterna
836 1353 932 1492 {nihil
947 1411 1024 1468 enim
1037 1432 1087 1470 va-

404 1490 509 1561 lentius
525 1489 604 1564 esse,
628 1513 646 1549 a
662 1511 724 1569 quo
744 1505 866 1549 intereat
881 1490 894 1570 )
918 1509 1004 1568 quam
1021 1492 1085 1549 vim
1100 1524 1108 1539 -·

403 1571 532 1642 animum
551 1569 607 1628 esse
629 1569 728 1627 dicunt
743 1567 868 1639 mundi,
885 1567 1085 1651 eamdemque
1099 1588 1108 1619 ⁵

402 1646 460 1720 effe
474 1665 631 1718 mentem,
656 1646 880 1726 sapientiamque
901 1645 1103 1725 perfesiam31

402 1747 489 1807 quem
500 1726 760 1806 deumappellant,
773 1727 960 1805 omniumque
970 1747 1085 1804 rerum,
1098 1772 1102 1779 -

403 1827 470 1887 quae
492 1806 556 1866 sunt
581 1810 608 1866 ei
627 1804 782 1885 subjeiiae,
804 1807 884 1887 quasi
900 1804 1106 1884 prudentiam:

402 1887 575 2027 ppamdam,
588 1903 791 1966 procurantem
801 1883 926 1945 coelestia
938 1887 1065 1948 maximi
1072 1933 1084 1963 ,

443 1966 509 2028 inde
525 1970 649 2027 interris
663 1987 719 2038 ea,
736 1986 801 2047 quae
816 1968 962 2048 pertinent
976 1965 1016 2024 ad
1032 1969 1085 2028 bo·
1099 1985 1104 2015 ·'

403 2049 514 2107 mines:
530 2068 616 2127 quam
634 2047 778 2106 interdum
796 2046 951 2120 eamdem,
970 2042 1103 2108 Neces··
1128 2079 1130 2084 ¹

403 2129 517 2186 sitatem
529 2126 694 2207 appellant,
712 2128 777 2205 quia
793 2126 862 2185 nihil
875 2127 957 2184 aliter
972 2128 1081 2205 possit,
1096 2146 1103 2177 1

400 2221 488 2284 arque
508 2206 545 2263 ab
561 2226 600 2265 ea
624 2204 806 2264 constitutum
825 2207 883 2276 sit,
903 2206 944 2263 ite
966 2224 976 2276 3
1000 2209 1103 2286 quasi·

401 2283 520 2343 fatalem
541 2285 575 2344 δι
594 2284 807 2343 immutabilem
831 2285 1104 2348 continuationem

324 2395 327 2402 =
400 2363 510 2424 ordinis
530 2361 715 2442 sempiterni:
730 2364 949 2444 nonnumquam
962 2365 1081 2443 quidem
1096 2384 1101 2417 z

402 2443 536 2504 eamdem
558 2443 740 2515 Fortunam,
770 2443 849 2523 qub'd
860 2443 975 2505 ‘efficiat
989 2445 1097 2505 multa

400 2525 441 2583 im
478 2522 588 2596 orisa,
620 2542 675 2581 nec
700 2525 817 2602 opinata
844 2524 928 2584 nobis
980 2541 1081 2604 reptet

399 2602 600 2665 uberrimam
615 2603 886 2683 ignorationemque
897 2545 1060 2663 nubtum.
1095 2626 1099 2632 ·

424 2681 544 2749 .V111.
561 2680 662 2741 Tertia
677 2683 783 2742 deinde
793 2683 983 2763 philosophiae
997 2684 1082 2762 pars,¹

401 2783 466 2845 quae
479 2778 547 2822 etat
562 2764 593 2820 in
608 2765 724 2821 ratione
736 2763 774 2821 ἃ
792 2766 825 2820 in
840 2761 1021 2834 differendo,
1034 2765 1079 2823 sic

400 2841 572 2909 rmsinbarur
593 2841 629 2899 ab
648 2842 793 2922 utrisque:
815 2862 992 2922 quamquam
1015 2844 1099 2901 oris

401 2940 478 2983 retur
492 2943 509 2983 a
522 2920 665 2992 sensibus,
680 2938 780 2980 tamen
794 2941 854 2981 non
869 2921 926 2981 effe
942 2920 1100 2999 judicium.-

399 3005 527 3078 vetitatis
553 3004 582 3061 in
610 2999 758 3060 sensibus:
781 3018 913 3062 mentem
937 3001 1078 3060 valebant

398 3077 567 3169 rmum-esse
584 3077 998 3161 judicentsolammsebmt
1012 3079 1099 3163 idon-t

972 3177 1081 3240 neam,
