2709 4017
401 513 478 594 352
525 498 593 567 Da
628 512 954 577 urrrnarronr,

443 630 490 670 11.
512 607 577 692 Ego
597 611 691 684 verb,
709 611 848 692 inquam,
869 607 1080 693 philosophiaej

397 689 531 770 Quinte,
553 689 666 769 semper
683 713 768 750 vaco.
794 693 862 751 Hoc
881 709 978 751 aurem
999 706 1080 751 tem-

396 790 491 852 pore,
508 791 601 850 quum
621 774 656 830 sit
675 772 743 830 nihil
762 772 838 831 aliud
858 816 867 845 ,
886 771 967 852 quod
987 771 1082 832 liben-

398 867 443 910 ter
463 869 550 931 agere
567 853 697 931 possim,
718 852 915 933 multomagis
931 871 1008 911 aveo
1028 873 1083 910 au·

397 929 481 1005 dire,
500 929 537 990 de
552 931 729 992 divinatione
751 932 819 1012 quid
842 931 954 993 sentias.
978 931 1082 1005 Nihil,

397 1011 490 1091 inquit
505 1050 522 1083 ‚-
535 1012 671 1092 equidem
689 1014 782 1086 novi,
801 1031 855 1071 nec
877 1012 958 1093 quod
979 1032 1083 1092 praeter

398 1108 513 1152 ceteros
545 1090 604 1172 ipse
628 1091 774 1152 sentiam:
805 1113 872 1152 nam
894 1113 983 1174 quum
1003 1094 1084 1151 anti-

396 1174 562 1252 quissimam
582 1169 773 1246 sententiam,
787 1191 849 1232 tum
869 1174 998 1232 omniurn
1024 1194 1085 1252 po-

396 1252 534 1332 pulorum
560 1253 592 1311 &
618 1255 747 1333 gentiunt
777 1252 914 1313 consensu
941 1271 1084 1332 compro-

398 1333 499 1392 batam
518 1329 632 1412 sequor.
662 1330 734 1394 Duo
752 1331 814 1393 sunt
834 1336 911 1394 enim
935 1332 1085 1392 divinandi

399 1431 531 1494 genera3
554 1433 679 1493 quorum
697 1413 817 1474 alterurn
836 1417 901 1473 artis
924 1411 985 1486 est,
1005 1414 1085 1474 alte-

399 1513 464 1552 rum
484 1510 603 1554 naturae*

445 1591 491 1632 12.
515 1572 592 1653 Quae
609 1573 649 1634 est
668 1591 767 1635 autern
785 1594 875 1656 gens,
893 1590 943 1634 aut
960 1594 1025 1654 quae
1043 1574 1086 1633 ci·

399 1654 497 1724 vitas,
516 1675 581 1734 quae
593 1674 654 1714 non
670 1672 718 1715 aut
737 1654 924 1734 extispicum,
939 1653 1085 1728 monstra,

399 1751 449 1795 aut
473 1733 584 1816 fulgura
610 1736 886 1815 interpretantium,
911 1752 961 1793 aut
991 1755 1086 1816 augu-

400 1835 484 1888 rum,
504 1832 553 1874 aut
568 1812 778 1896 astrologorum
787 1837 803 1885 ‚'
817 1830 865 1873 aut
884 1814 1003 1874 sortium
1023 1817 1085 1897 (ea

401 1897 479 1956 enim
497 1894 558 1955 fere
574 1897 640 1956 artis
655 1895 718 1956 sunt
731 1895 745 1977 )
757 1911 805 1955 aut
821 1893 1018 1967 somniorum,
1036 1912 1085 1955 aut

373 2031 378 2040 ,
400 1977 638 2037 vaticinationum
662 1976 750 2055 (haec
768 1977 845 2036 enim
864 1974 922 2036 duo
946 1976 1085 2035 naturalia

399 2063 559 2136 putantur)
572 2057 758 2136 praedisiione
775 2055 948 2115 moveatur?
964 2059 1085 2135 quarum

399 2138 520 2216 quidem
552 2157 647 2196 rerum
675 2153 781 2197 eventa
811 2139 901 2217 magis
931 2136 1084 2208 arbitror,

422 2217 489 2277 uim
509 2214 603 2275 causas
617 2219 704 2297 quaeri
721 2232 869 2296 oportere.
894 2214 941 2274 Est
951 2220 1028 2276 enim
1040 2218 1085 2275 vis

400 2237 437 2358 Ἅι
459 2311 560 2356 natura
572 2295 725 2375 quaedam,
759 2317 802 2355 uae
820 2317 908 2376 quum
927 2294 1084 2356 observatis

400 2376 492 2457 longo
512 2391 573 2435 tem
595 2396 646 2435 ore
665 2317 937 2457 signisicationibus,
954 2393 1017 2435 tum
1034 2377 1086 2436 ali·

400 2477 470 2536 quo.
479 2395 608 2516 instintiu
620 2455 777 2539 inflatuque
794 2457 894 2519 divino
907 2455 1001 2517 sutura
1014 2477 1086 2536 prar-

401 2554 524 2598 nuntiat.

443 2615 514 2678 VII.
538 2615 640 2696 Quare
658 2619 773 2678 omittat
790 2637 892 2699 urgere
917 2613 1086 2678 Carneades

404 2697 514 2779 (quod
538 2697 661 2758 faciebat
688 2700 775 2757 etiam
798 2695 963 2769 Panaetius)
987 2700 1085 2777 requi-¹

402 2798 468 2839 rens
488 2824 498 2853 ,
521 2779 670 2858 Jupiterne
696 2779 842 2837 cornicem
862 2800 877 2835 a
900 2778 971 2836 laeva
991 2823 1000 2849 ‚
1020 2800 1087 2837 cor·

401 2880 472 2920 vum
493 2882 510 2918 a
529 2859 627 2918 dextra
644 2876 749 2917 canere
768 2855 897 2935 jussisset.
920 2857 1088 2919 Observata

401 2937 464 2999 sunt
484 2940 545 3000 haec
564 2957 699 3017 ternpore
717 2938 876 3011 immenso,
898 2938 974 2998 &in
998 2941 1089 3020 signi·

401 3016 539 3082 ficatione
563 3016 683 3080 eventis
703 3017 950 3082 animadversa&
976 3039 1090 3080 notata.
