2709 4017
394 502 476 584 v300
510 484 578 553 Du
602 497 773 553 marmur
797 468 983 556 unonrrrr
996 498 1013 572 ,·

396 619 468 683 pum
484 599 580 660 dicere
599 598 717 672 aiebas,
736 599 875 678 quoniam
892 597 965 661 esset
975 602 1086 686 aliquid

395 685 431 742 itr'
441 700 536 741 rerum
555 697 681 753 natura,
705 677 785 760 quod
805 678 845 738 ab'
859 679 987 743 homine
1011 682 1088 744 effici

394 782 456 823 uon
470 759 580 840 posset,
601 759 658 821 esse
674 761 793 818 homine
809 759 917 837 aliquid
934 763 1063 824 melius.¹

440 841 486 901 18.
507 841 642 922 Quaeqne
660 844 690 898 in
704 839 795 899 domo
811 837 930 919 pulchra
940 861 1010 902 curn
1020 842 1085 925 pul-

394 920 853 999 chritudinemundicomparabas
867 964 877 994 ‚
891 921 925 980 δι
934 942 1027 1003 quam
1039 940 1087 985 to·

393 1007 450 1064 tius
469 1004 568 1062 mundi
596 1002 829 1061 convenientiam
855 1001 1088 1085 consensumque

395 1082 555 1154 offerebas,
577 1080 759 1160 Zenonisque
777 1080 883 1140 breves
904 1083 940 1142 &
957 1085 1087 1145 acutulas

396 1164 622 1240 conclusiones,
643 1165 672 1220 in
699 1177 896 1240 campartem
919 1161 1087 1239 sermonis,

395 1265 484 1326 quam
505 1237 892 1313 mododixi,differe1nus:
913 1243 1086 1325 eodemque

396 1321 533 1405 tempore
557 1325 605 1384 illa
630 1326 750 1395 omnia,
781 1341 844 1401 quae
866 1340 883 1379 a
907 1337 943 1382 te
962 1323 1086 1404 pinsite

398 1407 473 1467 ditia
492 1405 555 1466 sunt
572 1405 611 1464 de
629 1407 660 1464 vi
676 1406 782 1483 ignea,
797 1400 834 1461 de
856 1420 893 1460 ue
911 1420 951 1462 eo
966 1405 1085 1478 calore,

400 1509 437 1548 ex
451 1508 510 1567 quo
527 1489 624 1546 omnia
637 1484 767 1566 generari
783 1482 847 1542 dice
869 1501 920 1555 as,
946 1484 1017 1544 loco
1035 1483 1088 1545 suo‘

396 1585 578 1649 quaerenturz
599 1566 776 1643 omniaque,
794 1583 857 1643 quae
875 1582 892 1619 a
910 1580 942 1622 te
967 1565 1085 1626 nudius·

396 1649 498 1708 tertius
528 1643 600 1704 diua
627 1643 718 1716 sunt,
743 1663 832 1723 quum
857 1640 969 1705 docere
993 1645 1088 1708 velles

399 1728 497 1804 (deos
514 1723 601 1794 esse)
619 1743 708 1805 quare
725 1724 757 1784 ὃ(
774 1721 897 1782 mundus
914 1725 1086 1801 universus,

398 1809 432 1868 δι
446 1806 509 1879 sol,
528 1807 560 1866 &
572 1805 660 1880 luna,
682 1804 720 1864 δι’
733 1802 820 1863 stellae
832 1802 944 1864 sensum
955 1826 991 1866 ac
1004 1826 1087 1868 meu·

396 1906 462 1949 tem
479 1887 640 1958 haberent,
659 1887 689 1945 in
701 1883 779 1944 idern
790 1902 907 1964 tempus
918 1884 1087 1949 reservabo.

399 1968 473 2031 Ate
491 1985 587 2029 autem
610 1967 689 2026 idern
704 1964 774 2024 illud
790 1966 876 2023 etiarn
891 1981 980 2046 atque
997 1968 1087 2028 etiam

398 2070 525 2192 quaeram
536 2095 548 2122 ,
558 2048 660 2130 quibus
668 2045 824 2106 rationibus
831 2044 885 2104 tibi
895 2045 1086 2126 persuadeas,

421 2152 472 2192 eos
487 2129 553 2191 esIe.
741 2163 743 2167 ·

440 2209 541 2270 VIII.
563 2208 642 2268 Tum
660 2206 789 2278 Balbus,
809 2205 955 2286 Equidem
965 2206 1087 2270 attulisse

398 2295 526 2352 rationes
544 2289 615 2348 mihi
626 2288 747 2349 videor:
766 2286 814 2347 sed
831 2306 878 2346 eas
896 2305 929 2346 tu
941 2290 983 2348 ita
1001 2289 1087 2350 refel-

333 2408 348 2430 .»
398 2372 455 2445 Iis,
472 2385 525 2443 ut,
548 2389 637 2447 quum
656 2388 705 2427 me
723 2369 947 2449 interrogaturus
968 2367 1025 2430 effe
1038 2371 1086 2431 vi-

398 2451 507 2522 deare,
526 2449 559 2510 &
570 2468 626 2530 ego
641 2469 691 2507 me
707 2448 743 2507 ad
756 2447 993 2528 respondendum
1003 2471 1083 2510 cour⁴

396 2529 684 2673 saisisti?
699 2529 1087 2688 sigifissgisffni‘:

398 2710 446 2755 res
469 2634 563 2754 taciIt’ae
585 2689 803 2772 praeterietunt,
821 2688 858 2749 de
882 2689 1086 2764 divinatione,

399 2774 437 2835 de
454 2773 544 2835 sator
571 2771 673 2851 quibus
692 2769 729 2829 de
746 2768 948 2850 questionibus
969 2787 1003 2832 tu
1022 2773 1087 2851 qui·

399 2856 468 2916 dem
483 2853 624 2923 strifflm,
650 2847 738 2908 nostri
758 2868 855 2909 aurern
877 2849 970 2910 multa
992 2850 1087 2913 solent

398 2937 512 2996 dicere:
522 2932 573 2994 sed
585 2930 622 2989 ab
637 2929 692 2989 hac
702 2948 736 2988 ea
746 2927 902 3011 questione
913 2951 1000 3013 ,quae
1011 2952 1089 2993 nunc

396 3018 427 3076 in
440 3014 571 3078 manibus
586 3008 650 3086 est,
666 3009 839 3092 separanutr.
859 3009 991 3092 Quart,
1003 3015 1028 3075 si
1040 3014 1089 3076 ui·
