2709 4017
398 523 479 612 '500
529 509 595 581 Dr:
629 520 961 588 urrrrrrrroua,

388 630 490 689 miror
504 624 519 706 )
535 628 584 707 qui
600 669 610 697 ‚
625 644 714 705 quum
729 622 927 696 Ptolemaeus,
944 617 1081 682 familiaris

391 704 481 785 ejus,
498 709 528 766 in
546 706 649 785 proelio
664 706 725 764 telo
743 720 892 763 venenato
908 703 982 763 icius
1002 700 1083 773 effer,

401 806 500 867 euque
516 787 637 844 vulnere
657 784 769 844 summo
786 804 852 842 cum
871 782 980 844 dolore
999 799 1085 842 more·

401 883 504 936 retur,
520 864 689 926 Alexander
703 863 832 923 assidens
843 862 952 922 somno
967 861 1010 923 est
1023 881 1085 922 con·

402 944 523 1027 sopitus.
543 942 796 1003 Tumsecundirm
819 946 951 1024 quietem
974 941 1049 1004 visus
1064 941 1085 1000 ei

314 1065 321 1082 .
393 1027 507 1087 ·dicitur
531 1026 618 1084 draco
640 1027 686 1099 is,
704 1044 792 1105 quem
813 1040 906 1084 mater
930 1022 1085 1102 Olympias

267 3222 339 3482 i

403 1106 520 1177 alebat,
538 1105 694 1163 radiculam
706 1123 757 1163 ore
773 1102 871 1176 ferre,
891 1103 925 1163 &
942 1103 1027 1162 simul
1047 1101 1086 1160 di·

404 1205 497 1258 cere,
517 1205 578 1266 quo
597 1185 644 1243 illa
661 1184 719 1243 loci
740 1182 903 1243 nasceretur
920 1203 932 1256 ;
957 1195 1051 1263 neque
1067 1181 1087 1239 is
1130 1236 1132 1241 .

405 1266 496 1346 longe
512 1267 612 1324 aberat
625 1265 661 1323 ab
674 1283 712 1323 eo
729 1262 815 1322 loco:
830 1260 894 1341 ejus
915 1281 1017 1322 autem
1036 1257 1087 1321 effe

407 1349 469 1406 vim
485 1363 612 1417 tantam,
624 1362 656 1402 ut
668 1341 858 1402 Ptolemaeum
872 1341 961 1402 facile
975 1341 1087 1403 sanaret.

409 1424 515 1503 Quum
547 1424 714 1484 Alexander
747 1421 932 1502 experrecius
963 1417 1088 1482 narraiiet

411 1508 510 1565 amicis
527 1504 669 1563 somnium
687 1548 696 1577 ,
721 1499 840 1562 emisisse
856 1505 906 1582 qui
924 1502 1004 1562 iilam
1023 1499 1088 1561 radi·

412 1585 507 1645 culam
528 1600 709 1663 quaererem:
729 1583 785 1664 quai
803 1581 925 1642 inventa
945 1584 980 1642 &
999 1581 1089 1642 Ptole·

410 1684 500 1726 maeus
522 1661 632 1722 sanatus
651 1663 755 1722 dicitur
775 1664 841 1736 ,ἃ
863 1662 946 1722 multi
972 1663 1091 1734 milites,

412 1745 462 1826 qui
482 1759 564 1803 erant
576 1743 684 1803 eodem
705 1762 812 1824 genere
825 1743 876 1802 teli
894 1741 1050 1803 vulnerati.
1077 1776 1080 1784 Δ

459 1823 525 1903 136.
546 1823 641 1882 Multa
661 1825 750 1884 eriam
766 1821 827 1881 sunt
844 1839 906 1882 ate
923 1842 960 1882 ex
978 1820 1093 1882 historiis

415 1907 528 1986 prolata
545 1903 655 1963 somnia
673 1949 683 1974 ‚
704 1903 801 1962 matris
822 1901 1005 1975 Phalaridis,
1028 1899 1095 1980 Cyri

415 1983 590 2064 superioris,
609 1984 707 2043 matris
725 1981 865 2063 Dionysii
875 2028 885 2057 ,
895 1980 979 2042 Poeni
990 1978 1097 2042 Hamil·

416 2069 509 2134 caris,
523 2064 695 2135 Annibalis,
716 2062 749 2123 P.
766 2061 872 2122 Decii:
898 2062 1098 2144 pervulgatum

417 2143 478 2226 jam
495 2145 566 2205 illud
587 2146 624 2205 de
643 2143 825 2224 praesultore:
844 2142 971 2205 Gracchi
990 2144 1095 2209 etiam,

418 2226 573 2286 &recens
594 2223 742 2295 Caeciliae,
761 2224 901 2284 Balearici
921 2222 1006 2296 filiae,
1024 2221 1098 2281 som·

417 2307 510 2364 nium.
529 2304 588 2364 Sed
604 2305 665 2362 haec
682 2322 820 2377 externa,
840 2302 880 2362 ob
896 2322 1022 2382 eamque
1035 2319 1099 2358 cau·

418 2382 478 2444 sam
499 2383 508 2440 i
530 2401 601 2441 nora
625 2383 709 2442 nobis
729 2382 818 2443 sunt:
848 2385 990 2441 nonnnila
1019 2383 1101 2440 etiam

419 2461 485 2524 ficia
500 2403 634 2522 {erasse
653 2464 716 2543 quis
737 2466 813 2523 enim
835 2463 935 2522 aucior
961 2457 1101 2520 istorum?

414 2543 460 2604 de
478 2542 579 2603 nostris
597 2543 713 2603 somniis
733 2544 801 2624 quid
821 2544 965 2602 habemus
986 2543 1079 2602 dicere
1087 2536 1101 2598 ’ἓ

421 2624 506 2684 tude
524 2624 634 2684 emerso
654 2644 719 2696 me,
733 2626 763 2682 ὃ(
780 2645 856 2704 equo
869 2622 906 2683 ad
925 2624 1020 2701 ripam
1031 2623 1104 2701 ?egn

414 2704 461 2764 ¹de
489 2704 585 2764 Mario
607 2724 671 2763 cum
699 2702 819 2762 fascibus
844 2703 981 2762 laureatis
1009 2703 1106 2761 mein

421 2784 501 2846 suum
521 2785 624 2844 deduci
639 2781 757 2859 ‘rubente
774 2780 1022 2842 monumentum?

464 2862 588 2924 LXVII.
608 2861 751 2923 Omnium
763 2861 942 2923 somniorum
954 2906 964 2934 ‚
977 2860 1107 2940 Quinte,

422 2965 480 3004 una
497 2948 568 3003 ratio
586 2940 641 3002 est:
658 2963 739 3021 quae,
754 2964 806 3022 per
820 2944 893 3004 deos
910 2938 1106 3002 immortales!

419 3020 1109 3106 uideamusnenostrisuperstirione‚&depra·
