2709 4017
387 504 467 593 '176
504 501 568 570 Da
592 516 764 570 unauna
791 517 999 583 nannum

390 617 482 677 lamus
500 635 570 697 ergo
592 619 717 689 omnia,
733 634 797 753 Xuae
814 631 863 675 aut
877 614 991 692 historia
1015 637 1077 676 no-

389 697 454 768 bis,
469 712 517 754 aut
535 699 609 756 ratio
622 717 732 755 novata
754 711 815 754 ertz
829 697 869 755 ita
887 698 942 769 sit,
960 715 992 756 ut
1010 718 1076 757 me·

390 775 546 837 directanei
571 797 650 837 mare
674 773 730 834 esse
756 796 817 834 non
841 775 970 841 credant.
996 776 1076 854 Quae

389 853 452 915 sunt
471 872 558 915 tantae
576 859 661 915 animi
678 853 830 936 angustiae,
849 869 900 926 ut,
920 859 944 914 si
958 855 1075 935 Seriphi

390 952 474 994 natus
494 934 586 1008 elles,
603 956 657 995 nec
676 933 953 1016 umquamegrellus
972 956 1008 999 ex
1027 939 1076 997 ia-

389 1012 471 1086 sula,
491 1018 521 1074 in
541 1037 597 1095 qua
608 1015 769 1095 lepusculos
784 1013 1008 1096 vulpeculasque
1023 1014 1078 1074 sae-

390 1113 432 1176 pe
449 1093 582 1169 vidisses,
602 1092 812 1163 noncrederes
834 1096 934 1155 leones
953 1097 985 1154 &
1004 1115 1078 1174 pan·

390 1175 488 1234 theras
506 1173 563 1235 elle
573 1220 586 1247 ,
605 1195 693 1255 quum
711 1173 760 1234 tibi
771 1216 783 1246 ‚
795 1173 895 1252 quales
909 1170 1018 1244 allent,
1031 1174 1077 1233 di·

390 1254 528 1314 ceretur?
549 1257 571 1313 si
588 1257 661 1315 verb
679 1254 716 1313 de
735 1253 892 1333 elephanto
910 1254 973 1334 quis
993 1253 1077 1316 dice-

391 1351 458 1408 ret,
480 1336 567 1394 etiam
584 1336 670 1395 rideri
687 1332 870 1413 teputares?
907 1364 913 1412 ᾗ
1036 1392 1040 1399 ,

434 1412 587 1474 ΧΧΧΙΙ.
617 1413 654 1475 Et
673 1431 710 1484 tu¹
742 1415 859 1482 uidem,
871 1410 997 1484 ¹Vellei,
1012 1433 1079 1475 nort

392 1494 490 1556 vestro
506 1514 612 1564 mota,
620 1493 669 1553 sed
681 1435 894 1559 dialedicorum
909 1490 923 1572 (
936 1514 999 1572 quaa
1007 1491 1078 1555 fun,

393 1575 471 1632 ditus
496 1593 567 1653 gens
587 1572 682 1631 vestra
699 1593 759 1633 non
782 1573 892 1643 novit)
915 1594 945 1633 ar
967 1575 1077 1634 umenti

391 1650 563 1712 sententiam
589 1649 763 1711 conclusisti.
788 1651 939 1719 Beatose
1002 1652 1077 1715 deus

392 1730 548 1811 sumpsisti:
567 1731 763 1793 concedimus.
783 1730 907 1792 Beatum
926 1750 1023 1803 autern
1042 1735 1080 1792 si·

393 1833 434 1872 ne
451 1815 555 1873 virture
569 1815 718 1873 neminem
733 1810 790 1878 elle
808 1810 904 1892 polle:
918 1812 948 1870 id
960 1826 1079 1892 quoque

393 1893 515 1965 damus,
537 1893 568 1952 &
581 1894 705 1963 libenter
744 1892 850 1952 uidem.
863 1891 1010 1958 Virtutem
1023 1913 1080 1952 au·

394 1989 458 2032 tem
471 1975 531 2033 sine
541 1976 656 2033 tatione
667 1913 798 2035 conXare
814 1991 880 2031 non.
888 1970 970 2050 polle
980 1992 990 2028 ι
1002 1991 1080 2033 con-

394 2055 496 2123 veniat
517 2053 546 2111 id
565 2073 683 2133 qaoque
704 2049 815 2111 necelle
834 2048 884 2108 est.
907 2049 1080 2130 Adiungis,

394 2131 462 2193 Nec
479 2135 618 2191 rationem
632 2130 709 2200 effi,
726 2131 778 2189 nisi
794 2132 823 2187 in
841 2130 964 2187 huminis
975 2127 1082 2206 figura.

394 2211 500 2290 Quem
522 2212 647 2269 tibihoc
665 2210 797 2279 datum
814 2204 918 2285 putas?
947 2206 971 2262 si
995 2211 1088 2278 *enim-

393 2294 435 2355 ἰιι
454 2288 542 2362 effer,
559 2289 629 2368 quid
645 2306 718 2366 opus
734 2304 795 2346 erat
805 2303 834 2345 te
849 2284 989 2365 gradatim
1007 2287 1081 2351 illuc

393 2364 737 2452 pervenirelsumpsilles
752 2383 805 2425 tuo
822 2362 895 2440 iure.
914 2364 1010 2443 Quod
1027 2389 1082 2429 au-

395 2467 457 2513 tem
475 2447 515 2508 est
533 2445 780 2528 istucgradntim?
799 2444 877 2505 Nam
898 2447 1023 2513 abeatis
1041 2449 1081 2509 ad

395 2531 553 2600 virtutem,
572 2529 706 2588 avirtute
724 2527 762 2586 ad
777 2528 922 2586 rationem
936 2527 1027 2586 video
1048 2545 1081 2590 te

395 2608 504 2669 veniffc
523 2608 667 2690 gradibus.
689 2607 717 2666 A
737 2611 849 2668 tatione
869 2605 905 2667 ad
923 2605 1080 2667 humanam

395 2687 417 2765 fi
438 2709 523 2763 uttan¹
542 2709 605 2768 quo·
620 2688 712 2749 m'odo
733 2685 879 2761 accedis?
899 2687 1089 2766 praecipitare

396 2770 408 2830 i
452 2769 602 2851 equidem
617 2767 678 2847 est„
695 2789 754 2837 non
770 2765 956 2828 descendere.
1055 2803 1058 2811 -

411 2900 413 2907 .
439 2869 496 2928 90.:
511 2849 575 2924 Nec
589 2850 676 2921 ¹vernt
688 2844 819 2927 intelligo
838 2866 921 2917 „cur
944 2843 1079 2907 maluerit

398 2930 537 3016 Epicratis
561 2928 807 3002 deos.,ltutninum
826 2925 934 2991 similes
959 2924 1089 3000 dicerea
