2709 4017
369 402 442 473 126
495 376 925 468 Acanrnir'convnt

366 531 403 574 ex
418 533 477 594 quo
495 516 581 572 etiarn
599 534 711 575 nomen
726 514 784 574 hoc
803 513 939 587 duxerat,
958 534 1050 596 quum

365 613 403 653 eo
417 593 509 654 verbo
523 612 609 654 antea
620 615 710 655 nemo
724 595 774 653 tali
791 596 820 652 in
839 616 870 655 re
883 595 947 654 usus
960 593 1030 654 effet
1041 617 1054 654 ι·

363 671 548 754 plurimisque
561 674 640 736 idem
655 677 740 736 noris
750 673 846 735 verbis
859 674 960 754 (nova
972 678 1048 735 enim

366 751 508 834 dicebat)
524 754 588 814 usus
603 754 655 816 est.
669 754 765 834 Quod
782 771 877 816 autem
895 773 955 816 erat
970 754 1051 814 sensu

367 834 626 912 comprehensum,
640 835 670 894 id
691 834 782 916 ipsum
794 835 900 916 sensum
920 835 1053 916 appella-

366 910 435 984 bat3
450 914 481 973 δι
492 959 502 987 ,
513 916 534 973 si
548 917 586 974 ita
596 934 657 976 erat
668 935 735 975 com
758 915 909 976 rehensum
919 960 929 989 ,
938 933 969 974 ut
980 936 1053 975 con·

367 992 439 1052 velli
460 995 571 1054 ratione
593 1015 654 1056 non
676 936 771 1075 possbt
787 1040 797 1070 ,
815 995 985 1076 scientiam
1008 996 1052 1054 sin

367 1071 461 1146 aliter,
472 1073 639 1153 inscientiam
654 1076 822 1136 nominabat
833 1097 840 1134 t
851 1096 887 1136 ex
901 1096 957 1156 qua
968 1076 1054 1134 exsis-

369 1167 446 1213 teret
462 1157 548 1214 etiam
560 1158 672 1236 opinio,
687 1176 750 1237 quae
763 1153 833 1216 esset
845 1155 1006 1227 imbecilla,
1021 1155 1054 1215 δε

368 1252 438 1293 turn
456 1233 527 1295 falso
541 1236 751 1319 incognitoque
771 1238 942 1296 communis.

376 1346 378 1351 ·
411 1333 461 1387 42.
485 1314 544 1376 Sed
561 1317 636 1376 inter
647 1315 794 1378 scientiam
809 1316 839 1375 &
857 1314 1057 1388 inscientiam,

370 1395 662 1530 eongqrehensionem
681 1396 759 1453 illam
769 1438 779 1468 ,
791 1414 877 1475 quam
893 1396 969 1466 dixi,
990 1394 1056 1453 col·

370 1471 417 1530 loc
456 1488 507 1545 at;
527 1492 650 1552 eamque
667 1492 764 1553 neque
783 1473 812 1530 in
834 1473 936 1546 redis,
957 1493 1055 1552 neque
1077 1492 1084 1505 ·

369 1550 405 1610 in·
422 1553 518 1631 pravis
532 1553 721 1624 numerabat,
737 1550 785 1611 sed
803 1550 855 1610 soli
874 1552 1056 1612 credendum

371 1627 429 1691 esse
447 1630 584 1705 dicebat;
605 1651 694 1714 equo
712 1631 838 1692 sensibus
858 1634 944 1692 etiam
961 1630 1059 1692 sidem

371 1709 537 1784 tribuebat,
556 1713 655 1793 qubd,
673 1730 705 1772 ut
724 1711 894 1793 supradixi,
916 1732 1063 1791 compre-¹

372 1789 476 1852 hensio
498 1792 571 1853 sada
590 1793 716 1854 sensibus
737 1794 768 1853 ὃ(
789 1812 861 1853 vera
882 1790 938 1854 esse
959 1794 999 1851 illi
1021 1793 1056 1851 &

374 1869 467 1932 fidelis
487 1874 656 1934 videbatur:
678 1894 739 1934 non
756 1873 834 1953 qubd
853 1875 972 1948 omnia,
992 1893 1058 1952 quae

375 1950 465 2013 effent
485 1956 515 2013 in
533 1973 588 2027 re,
609 1953 893 2034 comprehenderet3
915 1953 964 2012 sed
1010 1954 1062 2016 uia

374 2032 468 2107 nihii,
487 2034 567 2115 quod
581 2034 685 2094 cadere
701 2030 730 2092 in
751 2051 816 2092 eam
832 2031 945 2111 posset,
967 1973 1059 2091 rdin-

416 2129 478 2170 eret
502 2157 512 2186 ,
533 2112 670 2193 quddque
691 2129 791 2169 natura
836 2113 895 2168 uasi
922 2132 1061 2177 normam

373 2128 498 2250 seientiae
517 2191 736 2271 &principium
756 2189 797 2249 sui
814 2131 957 2264 dedisset,
979 2193 1062 2252 unde

373 2267 476 2352 postea
492 2273 628 2332 notiones
644 2291 740 2330 rerum
752 2271 781 2333 in
794 2271 894 2331 animis
906 2272 1060 2351 imprime·

375 2366 495 2424 rentur;
512 2371 530 2412 e
544 2351 646 2433 quibus
658 2372 718 2410 non
733 2351 871 2430 principia
885 2351 976 2410 solium
986 2396 995 2422 ,
1007 2351 1060 2412 sed

374 2430 493 2496 latiores
517 2431 650 2514 quaedam
676 2431 713 2491 ad
737 2432 880 2491 rationem
902 2433 1060 2491 invenien-

377 2510 445 2573 dam
460 2512 515 2571 viae
531 2514 732 2593 reperiuntur:
753 2532 882 2571 errorem
897 2529 1011 2582 autem,
1027 2511 1059 2571 δι

378 2594 572 2652 temeritatem
582 2637 593 2663 ,
604 2592 635 2652 &
645 2595 855 2674 ignorantiam,
870 2591 898 2650 ὃ(
913 2593 1060 2671 opinatio·

379 2671 1062 2752 nem,&suspicionem,&unonomineomnia,

381 2773 446 2832 quae
464 2750 553 2814 essent
563 2753 656 2812 aliena
664 2749 957 2811 firmae&consiamis
968 2749 1060 2811 assen-

382 2834 491 2908 sionis,
509 2854 526 2894 α
544 2834 650 2893 virtute
666 2831 857 2910 sapientiaque
876 2832 1059 2891 removebat.

382 2913 483 2996 Atque
496 2915 528 2974 in
540 2914 573 2973 iis
583 2912 644 2973 sete
658 2914 846 2972 commutatio
857 2910 981 2970 constitit
991 2929 1061 2968 orn·

383 2994 449 3070 uir,
465 2993 657 3078 durensioque
671 2993 827 3057 Zenonisa
839 2990 1040 3079 superioribus.
