<?xml version="1.0" encoding="UTF-8"?>
<!DOCTYPE html PUBLIC "-//W3C//DTD XHTML 1.0 Transitional//EN"
    "http://www.w3.org/TR/xhtml1/DTD/xhtml1-transitional.dtd">
<html xmlns="http://www.w3.org/1999/xhtml" xml:lang="en" lang="en">
 <head>
  <title>
</title>
<meta http-equiv="Content-Type" content="text/html;charset=utf-8" />
  <meta name='ocr-system' content='tesseract 3.04.00' />
  <meta name='ocr-capabilities' content='ocr_page ocr_carea ocr_par ocr_line ocrx_word'/>
</head>
<body>
  <div class='ocr_page' id='page_1' title='image "./mtulliiciceroni10lallgoog/mtulliiciceroni10lallgoog_0301.png"; bbox 0 0 2709 4017; ppageno 0'>
   <div class='ocr_carea' id='block_1_1' title="bbox 409 483 963 576">
    <p class='ocr_par' dir='ltr' id='par_1_1' title="bbox 409 483 963 576">
     <span class='ocr_line' id='line_1_1' title="bbox 409 483 963 576; baseline 0.005 -25"><span class='ocrx_word' id='word_1_1' title='bbox 409 483 570 551; x_wconf 80' lang='lat' dir='ltr'>Lrnnn</span> <span class='ocrx_word' id='word_1_2' title='bbox 597 491 825 552; x_wconf 68' lang='lat' dir='ltr'>rnnrruu‘</span> <span class='ocrx_word' id='word_1_3' title='bbox 886 500 963 576; x_wconf 80' lang='lat'>295</span> 
     </span>
    </p>
   </div>
   <div class='ocr_carea' id='block_1_2' title="bbox 249 593 1036 3093">
    <p class='ocr_par' dir='ltr' id='par_1_2' title="bbox 249 593 1036 3093">
     <span class='ocr_line' id='line_1_2' title="bbox 279 593 969 682; baseline -0.003 -22"><span class='ocrx_word' id='word_1_4' title='bbox 279 611 366 682; x_wconf 79' lang='lat' dir='ltr'>egere</span> <span class='ocrx_word' id='word_1_5' title='bbox 386 595 506 678; x_wconf 88' lang='lat' dir='ltr'>quidem</span> <span class='ocrx_word' id='word_1_6' title='bbox 518 598 649 658; x_wconf 84' lang='lat' dir='ltr'>oratione</span> <span class='ocrx_word' id='word_1_7' title='bbox 661 593 794 668; x_wconf 71' lang='lat' dir='ltr'>dixisses,</span> <span class='ocrx_word' id='word_1_8' title='bbox 807 595 887 678; x_wconf 70' lang='lat' dir='ltr'>quiid</span> <span class='ocrx_word' id='word_1_9' title='bbox 897 595 969 659; x_wconf 85' lang='lat' dir='ltr'>effer</span> 
     </span>
     <span class='ocr_line' id='line_1_3' title="bbox 278 675 1006 762; baseline -0.007 -21"><span class='ocrx_word' id='word_1_10' title='bbox 278 679 486 762; x_wconf 82' lang='lat' dir='ltr'>perspicuum,</span> <span class='ocrx_word' id='word_1_11' title='bbox 514 678 548 738; x_wconf 79' lang='grc' dir='ltr'>δι</span> <span class='ocrx_word' id='word_1_12' title='bbox 573 681 649 738; x_wconf 91' lang='lat' dir='ltr'>inter</span> <span class='ocrx_word' id='word_1_13' title='bbox 675 697 778 737; x_wconf 91' lang='lat' dir='ltr'>omnes</span> <span class='ocrx_word' id='word_1_14' title='bbox 802 675 970 752; x_wconf 83' lang='lat' dir='ltr'>constaret,</span> <span class='ocrx_word' id='word_1_15' title='bbox 1002 690 1006 695; x_wconf 79' lang='grc'><em>’</em></span> 
     </span>
     <span class='ocr_line' id='line_1_4' title="bbox 279 756 968 840; baseline -0.003 -20"><span class='ocrx_word' id='word_1_16' title='bbox 279 760 319 822; x_wconf 77' lang='lat' dir='ltr'>de</span> <span class='ocrx_word' id='word_1_17' title='bbox 345 780 384 820; x_wconf 86' lang='lat' dir='ltr'>eo</span> <span class='ocrx_word' id='word_1_18' title='bbox 406 757 469 840; x_wconf 90' lang='lat' dir='ltr'>ipso</span> <span class='ocrx_word' id='word_1_19' title='bbox 496 775 557 819; x_wconf 82' lang='lat' dir='ltr'>tarn</span> <span class='ocrx_word' id='word_1_20' title='bbox 578 758 670 818; x_wconf 85' lang='lat' dir='ltr'>multa</span> <span class='ocrx_word' id='word_1_21' title='bbox 694 756 919 838; x_wconf 69' lang='lat' dir='ltr'>dixeris.“Quia</span> <span class='ocrx_word' id='word_1_22' title='bbox 936 775 968 818; x_wconf 83' lang='lat' dir='ltr'>te</span> 
     </span>
     <span class='ocr_line' id='line_1_5' title="bbox 278 835 968 922; baseline -0.003 -20"><span class='ocrx_word' id='word_1_23' title='bbox 278 835 968 922; x_wconf 79' lang='lat' dir='ltr'>quoque‚inquit‚animadverti,Cotta,srepe‚</span> 
     </span>
     <span class='ocr_line' id='line_1_6' title="bbox 300 918 980 1010; baseline -0.004 -29"><span class='ocrx_word' id='word_1_24' title='bbox 300 942 368 983; x_wconf 86' lang='lat' dir='ltr'>uum</span> <span class='ocrx_word' id='word_1_25' title='bbox 384 922 413 980; x_wconf 91' lang='lat' dir='ltr'>in</span> <span class='ocrx_word' id='word_1_26' title='bbox 427 918 494 980; x_wconf 83' lang='lat' dir='ltr'>foro</span> <span class='ocrx_word' id='word_1_27' title='bbox 507 920 618 981; x_wconf 85' lang='lat' dir='ltr'>diceres</span> <span class='ocrx_word' id='word_1_28' title='bbox 631 966 641 996; x_wconf 89' lang='lat'><strong>,</strong></span> <span class='ocrx_word' id='word_1_29' title='bbox 654 919 742 1010; x_wconf 65' lang='lat' dir='ltr'>quim</span> <span class='ocrx_word' id='word_1_30' title='bbox 756 919 884 1001; x_wconf 82' lang='lat' dir='ltr'>plurimis</span> <span class='ocrx_word' id='word_1_31' title='bbox 896 918 980 1000; x_wconf 41' lang='lat' dir='ltr'>pos-⁷</span> 
     </span>
     <span class='ocr_line' id='line_1_7' title="bbox 277 943 967 1081; baseline -0.003 -19"><span class='ocrx_word' id='word_1_32' title='bbox 277 943 322 1062; x_wconf 54' lang='lat' dir='ltr'>sies</span> <span class='ocrx_word' id='word_1_33' title='bbox 339 1023 370 1062; x_wconf 87' lang='lat' dir='ltr'>ar</span> <span class='ocrx_word' id='word_1_34' title='bbox 409 1003 513 1061; x_wconf 88' lang='lat' dir='ltr'>ruentis</span> <span class='ocrx_word' id='word_1_35' title='bbox 524 1022 646 1063; x_wconf 87' lang='lat' dir='ltr'>onerare</span> <span class='ocrx_word' id='word_1_36' title='bbox 663 1000 813 1081; x_wconf 74' lang='lat' dir='ltr'>judicem,</span> <span class='ocrx_word' id='word_1_37' title='bbox 834 1002 856 1060; x_wconf 91' lang='lat' dir='ltr'>si</span> <span class='ocrx_word' id='word_1_38' title='bbox 872 1001 967 1061; x_wconf 76' lang='lat' dir='ltr'>modi&gt;</span> 
     </span>
     <span class='ocr_line' id='line_1_8' title="bbox 279 1021 965 1163; baseline 0.001 -21"><span class='ocrx_word' id='word_1_39' title='bbox 279 1102 347 1142; x_wconf 87' lang='lat' dir='ltr'>eam</span> <span class='ocrx_word' id='word_1_40' title='bbox 370 1021 541 1144; x_wconf 47' lang='lat' dir='ltr'>{cultatem</span> <span class='ocrx_word' id='word_1_41' title='bbox 567 1083 621 1142; x_wconf 90' lang='lat' dir='ltr'>tibi</span> <span class='ocrx_word' id='word_1_42' title='bbox 645 1081 726 1143; x_wconf 88' lang='lat' dir='ltr'>daret</span> <span class='ocrx_word' id='word_1_43' title='bbox 749 1080 839 1143; x_wconf 84' lang='lat' dir='ltr'>causa.</span> <span class='ocrx_word' id='word_1_44' title='bbox 863 1079 965 1163; x_wconf 81' lang='lat' dir='ltr'>Atque</span> 
     </span>
     <span class='ocr_line' id='line_1_9' title="bbox 278 1161 970 1244; baseline 0.001 -22"><span class='ocrx_word' id='word_1_45' title='bbox 278 1163 339 1222; x_wconf 88' lang='lat' dir='ltr'>hoc</span> <span class='ocrx_word' id='word_1_46' title='bbox 360 1161 441 1223; x_wconf 86' lang='lat' dir='ltr'>idem</span> <span class='ocrx_word' id='word_1_47' title='bbox 458 1161 669 1244; x_wconf 85' lang='lat' dir='ltr'>&amp;philosophi</span> <span class='ocrx_word' id='word_1_48' title='bbox 687 1162 815 1234; x_wconf 88' lang='lat' dir='ltr'>faciunt,</span> <span class='ocrx_word' id='word_1_49' title='bbox 838 1161 870 1221; x_wconf 73' lang='grc' dir='ltr'>ὃ(</span> <span class='ocrx_word' id='word_1_50' title='bbox 884 1181 970 1243; x_wconf 84' lang='lat' dir='ltr'>ego,</span> 
     </span>
     <span class='ocr_line' id='line_1_10' title="bbox 278 1241 969 1323; baseline -0.001 -21"><span class='ocrx_word' id='word_1_51' title='bbox 278 1259 311 1302; x_wconf 89' lang='lat' dir='ltr'>ut</span> <span class='ocrx_word' id='word_1_52' title='bbox 326 1244 427 1323; x_wconf 88' lang='lat' dir='ltr'>potui,</span> <span class='ocrx_word' id='word_1_53' title='bbox 448 1241 520 1303; x_wconf 86' lang='lat' dir='ltr'>feci..</span> <span class='ocrx_word' id='word_1_54' title='bbox 529 1241 578 1303; x_wconf 89' lang='lat' dir='ltr'>Tu</span> <span class='ocrx_word' id='word_1_55' title='bbox 592 1259 708 1317; x_wconf 90' lang='lat' dir='ltr'>autem,</span> <span class='ocrx_word' id='word_1_56' title='bbox 729 1245 779 1322; x_wconf 93' lang='lat' dir='ltr'>qui</span> <span class='ocrx_word' id='word_1_57' title='bbox 794 1243 824 1302; x_wconf 90' lang='lat' dir='ltr'>id</span> <span class='ocrx_word' id='word_1_58' title='bbox 844 1245 969 1323; x_wconf 79' lang='lat' dir='ltr'>quaeris,</span> 
     </span>
     <span class='ocr_line' id='line_1_11' title="bbox 249 1321 967 1404; baseline 0 -20"><span class='ocrx_word' id='word_1_59' title='bbox 249 1377 252 1384; x_wconf 94' lang='lat'>.</span> <span class='ocrx_word' id='word_1_60' title='bbox 280 1323 411 1383; x_wconf 85' lang='lat' dir='ltr'>similiter</span> <span class='ocrx_word' id='word_1_61' title='bbox 437 1321 539 1397; x_wconf 87' lang='lat' dir='ltr'>facis,</span> <span class='ocrx_word' id='word_1_62' title='bbox 564 1344 596 1382; x_wconf 91' lang='lat' dir='ltr'>ac</span> <span class='ocrx_word' id='word_1_63' title='bbox 618 1325 641 1382; x_wconf 85' lang='lat' dir='ltr'>si</span> <span class='ocrx_word' id='word_1_64' title='bbox 663 1342 712 1382; x_wconf 88' lang='lat' dir='ltr'>me</span> <span class='ocrx_word' id='word_1_65' title='bbox 734 1341 838 1404; x_wconf 84' lang='lat' dir='ltr'>roges,</span> <span class='ocrx_word' id='word_1_66' title='bbox 868 1342 918 1381; x_wconf 90' lang='lat' dir='ltr'>cur</span> <span class='ocrx_word' id='word_1_67' title='bbox 937 1340 967 1384; x_wconf 86' lang='lat' dir='ltr'>te</span> 
     </span>
     <span class='ocr_line' id='line_1_12' title="bbox 280 1402 968 1476; baseline 0.003 -16"><span class='ocrx_word' id='word_1_68' title='bbox 280 1402 395 1463; x_wconf 89' lang='lat' dir='ltr'>duobus</span> <span class='ocrx_word' id='word_1_69' title='bbox 420 1420 558 1462; x_wconf 88' lang='lat' dir='ltr'>contuear</span> <span class='ocrx_word' id='word_1_70' title='bbox 576 1403 697 1476; x_wconf 77' lang='lat' dir='ltr'>oculis,</span> <span class='ocrx_word' id='word_1_71' title='bbox 729 1402 762 1462; x_wconf 91' lang='lat'><strong>&amp;</strong></span> <span class='ocrx_word' id='word_1_72' title='bbox 788 1423 849 1461; x_wconf 88' lang='lat' dir='ltr'>nun</span> <span class='ocrx_word' id='word_1_73' title='bbox 875 1403 968 1468; x_wconf 84' lang='lat' dir='ltr'>altero</span> 
     </span>
     <span class='ocr_line' id='line_1_13' title="bbox 279 1480 947 1563; baseline 0.001 -21"><span class='ocrx_word' id='word_1_74' title='bbox 279 1485 413 1554; x_wconf 73' lang='lat' dir='ltr'>tantum,</span> <span class='ocrx_word' id='word_1_75' title='bbox 429 1503 518 1563; x_wconf 90' lang='lat' dir='ltr'>quum</span> <span class='ocrx_word' id='word_1_76' title='bbox 534 1483 612 1544; x_wconf 89' lang='lat' dir='ltr'>idem</span> <span class='ocrx_word' id='word_1_77' title='bbox 631 1505 690 1542; x_wconf 88' lang='lat' dir='ltr'>uno</span> <span class='ocrx_word' id='word_1_78' title='bbox 705 1480 810 1562; x_wconf 81' lang='lat' dir='ltr'>assequi</span> <span class='ocrx_word' id='word_1_79' title='bbox 825 1484 947 1563; x_wconf 87' lang='lat' dir='ltr'>possim.</span> 
     </span>
     <span class='ocr_line' id='line_1_14' title="bbox 320 1560 967 1643; baseline 0 -21"><span class='ocrx_word' id='word_1_80' title='bbox 320 1561 376 1624; x_wconf 89' lang='lat' dir='ltr'>IV.</span> <span class='ocrx_word' id='word_1_81' title='bbox 396 1561 475 1622; x_wconf 90' lang='lat' dir='ltr'>Tum</span> <span class='ocrx_word' id='word_1_82' title='bbox 487 1560 579 1623; x_wconf 89' lang='lat' dir='ltr'>Cotta</span> <span class='ocrx_word' id='word_1_83' title='bbox 590 1610 600 1638; x_wconf 88' lang='lat'><strong>,</strong></span> <span class='ocrx_word' id='word_1_84' title='bbox 613 1564 714 1643; x_wconf 71' lang='lat' dir='ltr'>Quint</span> <span class='ocrx_word' id='word_1_85' title='bbox 723 1565 814 1624; x_wconf 85' lang='lat' dir='ltr'>simile</span> <span class='ocrx_word' id='word_1_86' title='bbox 829 1561 901 1622; x_wconf 89' lang='lat' dir='ltr'>istud</span> <span class='ocrx_word' id='word_1_87' title='bbox 915 1565 967 1637; x_wconf 91' lang='lat' dir='ltr'>sit,</span> 
     </span>
     <span class='ocr_line' id='line_1_15' title="bbox 280 1643 969 1727; baseline 0.004 -25"><span class='ocrx_word' id='word_1_88' title='bbox 280 1645 402 1724; x_wconf 86' lang='lat' dir='ltr'>inquit,</span> <span class='ocrx_word' id='word_1_89' title='bbox 428 1660 459 1704; x_wconf 90' lang='lat' dir='ltr'>tu</span> <span class='ocrx_word' id='word_1_90' title='bbox 477 1644 595 1705; x_wconf 79' lang='lat' dir='ltr'>videris.</span> <span class='ocrx_word' id='word_1_91' title='bbox 627 1643 704 1704; x_wconf 87' lang='lat' dir='ltr'>Nam</span> <span class='ocrx_word' id='word_1_92' title='bbox 727 1664 785 1727; x_wconf 82' lang='lat' dir='ltr'>ego</span> <span class='ocrx_word' id='word_1_93' title='bbox 814 1664 910 1725; x_wconf 87' lang='lat' dir='ltr'>neque</span> <span class='ocrx_word' id='word_1_94' title='bbox 938 1647 969 1705; x_wconf 88' lang='lat' dir='ltr'>in</span> 
     </span>
     <span class='ocr_line' id='line_1_16' title="bbox 279 1722 967 1805; baseline 0.006 -22"><span class='ocrx_word' id='word_1_95' title='bbox 279 1725 393 1798; x_wconf 85' lang='lat' dir='ltr'>causis,</span> <span class='ocrx_word' id='word_1_96' title='bbox 411 1722 519 1805; x_wconf 77' lang='lat' dir='ltr'>siquid</span> <span class='ocrx_word' id='word_1_97' title='bbox 536 1724 576 1784; x_wconf 87' lang='lat' dir='ltr'>est</span> <span class='ocrx_word' id='word_1_98' title='bbox 594 1725 737 1796; x_wconf 82' lang='lat' dir='ltr'>evidens,</span> <span class='ocrx_word' id='word_1_99' title='bbox 758 1725 874 1804; x_wconf 85' lang='lat' dir='ltr'>dequo</span> <span class='ocrx_word' id='word_1_100' title='bbox 892 1729 967 1787; x_wconf 88' lang='lat' dir='ltr'>inter</span> 
     </span>
     <span class='ocr_line' id='line_1_17' title="bbox 279 1804 969 1886; baseline 0.003 -23"><span class='ocrx_word' id='word_1_101' title='bbox 279 1823 385 1864; x_wconf 82' lang='lat' dir='ltr'>omnes</span> <span class='ocrx_word' id='word_1_102' title='bbox 416 1807 604 1878; x_wconf 82' lang='lat' dir='ltr'>conveniat,</span> <span class='ocrx_word' id='word_1_103' title='bbox 637 1809 830 1886; x_wconf 83' lang='lat' dir='ltr'>argumenta-ri</span> <span class='ocrx_word' id='word_1_104' title='bbox 857 1804 969 1878; x_wconf 79' lang='lat' dir='ltr'>sole03</span> 
     </span>
     <span class='ocr_line' id='line_1_18' title="bbox 278 1884 967 1965; baseline 0 -21"><span class='ocrx_word' id='word_1_105' title='bbox 278 1884 462 1965; x_wconf 81' lang='lat' dir='ltr'>perspicuitas</span> <span class='ocrx_word' id='word_1_106' title='bbox 486 1886 565 1944; x_wconf 87' lang='lat' dir='ltr'>enim</span> <span class='ocrx_word' id='word_1_107' title='bbox 591 1886 840 1965; x_wconf 82' lang='lat' dir='ltr'>argumentatione</span> <span class='ocrx_word' id='word_1_108' title='bbox 863 1885 967 1944; x_wconf 88' lang='lat' dir='ltr'>eleva-</span> 
     </span>
     <span class='ocr_line' id='line_1_19' title="bbox 280 1963 969 2038; baseline -0.004 -14"><span class='ocrx_word' id='word_1_109' title='bbox 280 1981 344 2024; x_wconf 80' lang='lat' dir='ltr'>tur:</span> <span class='ocrx_word' id='word_1_110' title='bbox 363 1984 439 2038; x_wconf 88' lang='lat' dir='ltr'>nec,</span> <span class='ocrx_word' id='word_1_111' title='bbox 458 1966 483 2025; x_wconf 83' lang='lat' dir='ltr'>si</span> <span class='ocrx_word' id='word_1_112' title='bbox 500 1964 529 2024; x_wconf 90' lang='lat' dir='ltr'>id</span> <span class='ocrx_word' id='word_1_113' title='bbox 548 1963 675 2026; x_wconf 81' lang='lat' dir='ltr'>facerem</span> <span class='ocrx_word' id='word_1_114' title='bbox 688 1967 717 2023; x_wconf 90' lang='lat' dir='ltr'>in</span> <span class='ocrx_word' id='word_1_115' title='bbox 734 1967 824 2023; x_wconf 83' lang='lat' dir='ltr'>causis</span> <span class='ocrx_word' id='word_1_116' title='bbox 841 1963 969 2026; x_wconf 83' lang='lat' dir='ltr'>forensi-</span> 
     </span>
     <span class='ocr_line' id='line_1_20' title="bbox 277 2043 1036 2118; baseline -0.001 -13"><span class='ocrx_word' id='word_1_117' title='bbox 277 2044 353 2118; x_wconf 83' lang='lat' dir='ltr'>bus,</span> <span class='ocrx_word' id='word_1_118' title='bbox 372 2044 453 2111; x_wconf 86' lang='lat' dir='ltr'>idem</span> <span class='ocrx_word' id='word_1_119' title='bbox 468 2045 595 2106; x_wconf 83' lang='lat' dir='ltr'>facerem</span> <span class='ocrx_word' id='word_1_120' title='bbox 613 2049 642 2105; x_wconf 92' lang='lat' dir='ltr'>in</span> <span class='ocrx_word' id='word_1_121' title='bbox 658 2045 712 2105; x_wconf 87' lang='lat' dir='ltr'>hac</span> <span class='ocrx_word' id='word_1_122' title='bbox 731 2043 883 2105; x_wconf 82' lang='lat' dir='ltr'>subtilitate</span> <span class='ocrx_word' id='word_1_123' title='bbox 906 2044 967 2106; x_wconf 58' lang='lat' dir='ltr'>ser*</span> <span class='ocrx_word' id='word_1_124' title='bbox 1034 2047 1036 2049; x_wconf 74' lang='grc'><strong>’</strong></span> 
     </span>
     <span class='ocr_line' id='line_1_21' title="bbox 278 2122 968 2189; baseline -0.001 -3"><span class='ocrx_word' id='word_1_125' title='bbox 278 2127 386 2186; x_wconf 63' lang='lat' dir='ltr'>monii.</span> <span class='ocrx_word' id='word_1_126' title='bbox 404 2122 467 2184; x_wconf 86' lang='lat' dir='ltr'>Cur</span> <span class='ocrx_word' id='word_1_127' title='bbox 480 2143 652 2187; x_wconf 84' lang='lat' dir='ltr'>contuerere</span> <span class='ocrx_word' id='word_1_128' title='bbox 670 2143 767 2189; x_wconf 84' lang='lat' dir='ltr'>autem</span> <span class='ocrx_word' id='word_1_129' title='bbox 786 2127 879 2186; x_wconf 84' lang='lat' dir='ltr'>altero</span> <span class='ocrx_word' id='word_1_130' title='bbox 895 2147 968 2186; x_wconf 81' lang='lat' dir='ltr'>ucu-</span> 
     </span>
     <span class='ocr_line' id='line_1_22' title="bbox 278 2204 967 2288; baseline 0.004 -23"><span class='ocrx_word' id='word_1_131' title='bbox 278 2205 332 2276; x_wconf 65' lang='lat' dir='ltr'>lo,</span> <span class='ocrx_word' id='word_1_132' title='bbox 350 2204 432 2266; x_wconf 85' lang='lat' dir='ltr'>causa</span> <span class='ocrx_word' id='word_1_133' title='bbox 449 2226 510 2265; x_wconf 90' lang='lat' dir='ltr'>non</span> <span class='ocrx_word' id='word_1_134' title='bbox 532 2205 622 2280; x_wconf 77' lang='lat' dir='ltr'>esset3</span> <span class='ocrx_word' id='word_1_135' title='bbox 647 2227 736 2288; x_wconf 88' lang='lat' dir='ltr'>quum</span> <span class='ocrx_word' id='word_1_136' title='bbox 753 2207 831 2267; x_wconf 87' lang='lat' dir='ltr'>idern</span> <span class='ocrx_word' id='word_1_137' title='bbox 849 2209 967 2268; x_wconf 78' lang='lat' dir='ltr'>obtutus</span> 
     </span>
     <span class='ocr_line' id='line_1_23' title="bbox 279 2283 965 2368; baseline 0.004 -24"><span class='ocrx_word' id='word_1_138' title='bbox 279 2283 350 2346; x_wconf 75' lang='lat' dir='ltr'>esset</span> <span class='ocrx_word' id='word_1_139' title='bbox 366 2287 542 2360; x_wconf 76' lang='lat' dir='ltr'>amborum,</span> <span class='ocrx_word' id='word_1_140' title='bbox 569 2289 600 2347; x_wconf 69' lang='grc' dir='ltr'><strong>ἃ</strong></span> <span class='ocrx_word' id='word_1_141' title='bbox 622 2309 711 2368; x_wconf 89' lang='lat' dir='ltr'>quum</span> <span class='ocrx_word' id='word_1_142' title='bbox 731 2309 826 2347; x_wconf 87' lang='lat' dir='ltr'>rerum</span> <span class='ocrx_word' id='word_1_143' title='bbox 845 2307 965 2362; x_wconf 60' lang='lat' dir='ltr'>natura,</span> 
     </span>
     <span class='ocr_line' id='line_1_24' title="bbox 279 2365 965 2446; baseline 0.009 -23"><span class='ocrx_word' id='word_1_144' title='bbox 279 2386 367 2445; x_wconf 87' lang='lat' dir='ltr'>quam</span> <span class='ocrx_word' id='word_1_145' title='bbox 386 2383 417 2425; x_wconf 89' lang='lat' dir='ltr'>tu</span> <span class='ocrx_word' id='word_1_146' title='bbox 437 2365 596 2446; x_wconf 81' lang='lat' dir='ltr'>sapientem</span> <span class='ocrx_word' id='word_1_147' title='bbox 619 2367 754 2440; x_wconf 79' lang='lat' dir='ltr'>essenis,</span> <span class='ocrx_word' id='word_1_148' title='bbox 780 2369 838 2428; x_wconf 87' lang='lat' dir='ltr'>duo</span> <span class='ocrx_word' id='word_1_149' title='bbox 857 2370 965 2430; x_wconf 86' lang='lat' dir='ltr'>lumina</span> 
     </span>
     <span class='ocr_line' id='line_1_25' title="bbox 280 2446 966 2527; baseline 0.007 -23"><span class='ocrx_word' id='word_1_150' title='bbox 280 2446 317 2504; x_wconf 89' lang='lat' dir='ltr'>ab</span> <span class='ocrx_word' id='word_1_151' title='bbox 339 2449 436 2507; x_wconf 89' lang='lat' dir='ltr'>animo</span> <span class='ocrx_word' id='word_1_152' title='bbox 452 2447 490 2506; x_wconf 87' lang='lat' dir='ltr'>ad</span> <span class='ocrx_word' id='word_1_153' title='bbox 507 2449 608 2508; x_wconf 84' lang='lat' dir='ltr'>oculos</span> <span class='ocrx_word' id='word_1_154' title='bbox 627 2447 774 2527; x_wconf 89' lang='lat' dir='ltr'>perforata</span> <span class='ocrx_word' id='word_1_155' title='bbox 786 2471 842 2508; x_wconf 84' lang='lat' dir='ltr'>uos</span> <span class='ocrx_word' id='word_1_156' title='bbox 859 2450 966 2510; x_wconf 82' lang='lat' dir='ltr'>habere</span> 
     </span>
     <span class='ocr_line' id='line_1_26' title="bbox 278 2524 966 2608; baseline 0 -20"><span class='ocrx_word' id='word_1_157' title='bbox 278 2524 422 2588; x_wconf 72' lang='lat' dir='ltr'>voluisset.</span> <span class='ocrx_word' id='word_1_158' title='bbox 440 2526 499 2587; x_wconf 85' lang='lat' dir='ltr'>Sed</span> <span class='ocrx_word' id='word_1_159' title='bbox 517 2530 662 2608; x_wconf 88' lang='lat' dir='ltr'>quianon</span> <span class='ocrx_word' id='word_1_160' title='bbox 679 2526 847 2588; x_wconf 80' lang='lat' dir='ltr'>confidebas</span> <span class='ocrx_word' id='word_1_161' title='bbox 865 2572 875 2601; x_wconf 92' lang='lat'>‚</span> <span class='ocrx_word' id='word_1_162' title='bbox 905 2546 966 2588; x_wconf 87' lang='lat' dir='ltr'>tam</span> 
     </span>
     <span class='ocr_line' id='line_1_27' title="bbox 279 2602 967 2690; baseline 0.004 -24"><span class='ocrx_word' id='word_1_163' title='bbox 279 2602 337 2666; x_wconf 83' lang='lat' dir='ltr'>effe</span> <span class='ocrx_word' id='word_1_164' title='bbox 355 2607 385 2665; x_wconf 91' lang='lat' dir='ltr'>id</span> <span class='ocrx_word' id='word_1_165' title='bbox 398 2607 601 2688; x_wconf 89' lang='lat' dir='ltr'>perspicuum,</span> <span class='ocrx_word' id='word_1_166' title='bbox 625 2607 714 2688; x_wconf 77' lang='lat' dir='ltr'>quim</span> <span class='ocrx_word' id='word_1_167' title='bbox 735 2625 766 2667; x_wconf 90' lang='lat' dir='ltr'>tu</span> <span class='ocrx_word' id='word_1_168' title='bbox 782 2609 876 2680; x_wconf 80' lang='lat' dir='ltr'>uelis,</span> <span class='ocrx_word' id='word_1_169' title='bbox 896 2631 967 2690; x_wconf 53' lang='lat' dir='ltr'>pro*</span> 
     </span>
     <span class='ocr_line' id='line_1_28' title="bbox 279 2687 967 2771; baseline 0.006 -27"><span class='ocrx_word' id='word_1_170' title='bbox 279 2703 381 2766; x_wconf 85' lang='lat' dir='ltr'>pterea</span> <span class='ocrx_word' id='word_1_171' title='bbox 397 2688 494 2748; x_wconf 87' lang='lat' dir='ltr'>multis</span> <span class='ocrx_word' id='word_1_172' title='bbox 511 2693 684 2771; x_wconf 83' lang='lat' dir='ltr'>argumentis</span> <span class='ocrx_word' id='word_1_173' title='bbox 704 2688 776 2750; x_wconf 82' lang='lat' dir='ltr'>deos</span> <span class='ocrx_word' id='word_1_174' title='bbox 788 2687 845 2750; x_wconf 80' lang='lat' dir='ltr'>effe</span> <span class='ocrx_word' id='word_1_175' title='bbox 857 2689 967 2749; x_wconf 81' lang='lat' dir='ltr'>docere</span> 
     </span>
     <span class='ocr_line' id='line_1_29' title="bbox 278 2765 966 2840; baseline 0 -13"><span class='ocrx_word' id='word_1_176' title='bbox 278 2765 404 2827; x_wconf 89' lang='lat' dir='ltr'>voluisti.</span> <span class='ocrx_word' id='word_1_177' title='bbox 431 2769 507 2828; x_wconf 88' lang='lat' dir='ltr'>Mihi</span> <span class='ocrx_word' id='word_1_178' title='bbox 527 2772 605 2830; x_wconf 90' lang='lat' dir='ltr'>enim</span> <span class='ocrx_word' id='word_1_179' title='bbox 630 2790 719 2828; x_wconf 90' lang='lat' dir='ltr'>unum</span> <span class='ocrx_word' id='word_1_180' title='bbox 741 2769 803 2829; x_wconf 87' lang='lat' dir='ltr'>satis</span> <span class='ocrx_word' id='word_1_181' title='bbox 826 2787 908 2840; x_wconf 83' lang='lat' dir='ltr'>erat,</span> <span class='ocrx_word' id='word_1_182' title='bbox 924 2771 966 2827; x_wconf 88' lang='lat' dir='ltr'>ita</span> 
     </span>
     <span class='ocr_line' id='line_1_30' title="bbox 279 2847 964 2927; baseline 0 -21"><span class='ocrx_word' id='word_1_183' title='bbox 279 2847 366 2907; x_wconf 87' lang='lat' dir='ltr'>nobis</span> <span class='ocrx_word' id='word_1_184' title='bbox 386 2847 514 2927; x_wconf 87' lang='lat' dir='ltr'>majores</span> <span class='ocrx_word' id='word_1_185' title='bbox 539 2849 651 2909; x_wconf 85' lang='lat' dir='ltr'>nostros</span> <span class='ocrx_word' id='word_1_186' title='bbox 675 2848 829 2911; x_wconf 80' lang='lat' dir='ltr'>tradidisse.</span> <span class='ocrx_word' id='word_1_187' title='bbox 850 2848 909 2908; x_wconf 86' lang='lat' dir='ltr'>Sed</span> <span class='ocrx_word' id='word_1_188' title='bbox 931 2865 964 2907; x_wconf 89' lang='lat' dir='ltr'>tu</span> 
     </span>
     <span class='ocr_line' id='line_1_31' title="bbox 278 2926 925 3011; baseline 0 -23"><span class='ocrx_word' id='word_1_189' title='bbox 278 2926 462 2989; x_wconf 70' lang='lat' dir='ltr'>audoritates</span> <span class='ocrx_word' id='word_1_190' title='bbox 476 2935 658 3003; x_wconf 85' lang='lat' dir='ltr'>contemnis,</span> <span class='ocrx_word' id='word_1_191' title='bbox 677 2934 790 2992; x_wconf 85' lang='lat' dir='ltr'>ratione</span> <span class='ocrx_word' id='word_1_192' title='bbox 804 2950 925 3011; x_wconf 83' lang='lat' dir='ltr'>pugnas.</span> 
     </span>
     <span class='ocr_line' id='line_1_32' title="bbox 324 3007 965 3093; baseline 0.005 -26"><span class='ocrx_word' id='word_1_193' title='bbox 324 3025 371 3070; x_wconf 87' lang='lat'>10.</span> <span class='ocrx_word' id='word_1_194' title='bbox 387 3007 490 3072; x_wconf 83' lang='lat' dir='ltr'>Patere</span> <span class='ocrx_word' id='word_1_195' title='bbox 504 3013 611 3093; x_wconf 86' lang='lat' dir='ltr'>igitur,</span> <span class='ocrx_word' id='word_1_196' title='bbox 628 3012 771 3074; x_wconf 86' lang='lat' dir='ltr'>rationem</span> <span class='ocrx_word' id='word_1_197' title='bbox 789 3030 885 3071; x_wconf 86' lang='lat' dir='ltr'>meam</span> <span class='ocrx_word' id='word_1_198' title='bbox 899 3028 965 3071; x_wconf 87' lang='lat' dir='ltr'>cunr</span> 
     </span>
    </p>
   </div>
   <div class='ocr_carea' id='block_1_3' title="bbox 757 3089 842 3153">
    <p class='ocr_par' dir='ltr' id='par_1_3' title="bbox 757 3089 842 3153">
     <span class='ocr_line' id='line_1_33' title="bbox 757 3089 842 3153; baseline 0.012 -2"><span class='ocrx_word' id='word_1_199' title='bbox 757 3089 842 3153; x_wconf 84' lang='lat' dir='ltr'>Niv</span> 
     </span>
    </p>
   </div>
   <div class='ocr_carea' id='block_1_4' title="bbox 0 0 1360 4017">
    <p class='ocr_par' dir='ltr' id='par_1_4' title="bbox 0 0 1360 4017">
     <span class='ocr_line' id='line_1_34' title="bbox 0 0 1360 4017; baseline 0 0"><span class='ocrx_word' id='word_1_200' title='bbox 0 0 1360 4017; x_wconf 95' lang='lat' dir='ltr'> </span> 
     </span>
    </p>
   </div>
  </div>
 </body>
</html>
