2709 4017
387 418 465 481 '102
516 401 945 481 Arrnrnrcorvrr

389 517 521 583 nosreffe
542 521 660 582 dicatis:
680 521 787 584 deinde
808 525 844 583 ad
860 526 907 586 illa
921 524 1072 603 veniam}
1103 560 1106 567 ·

387 612 452 681 quae
466 599 532 679 'jam
551 623 612 660 non
640 601 678 661 ad
699 603 934 680 multitudinem,
958 606 1007 667 sed
1030 610 1070 668 ad

386 678 599 760 rofinetipsos,
619 682 806 763 quiadestis⁵
826 690 993 763 pertinent:
1010 708 1069 748 ne-

460 763 538 820 enim
564 783 622 820 .vos
645 763 758 836 Zeno,
787 784 875 887 ηεξατ
904 764 1070 827 Antiochus

386 777 456 902 iiie
494 841 638 922 uidquam.
657 841 843 922 Quomodo.
866 849 993 926 inquies:
1012 869 1071 907 nos

387 862 674 997 enimdefendimus,
687 925 775 984 etiam
786 927 969 1006 insipientem
976 927 1071 988 multa

386 1002 648 1082 comprehendere.

421 1101 496 1164 2145.
516 1082 558 1142 At
580 1083 650 1142 scire
671 1085 782 1164 negatis
803 1105 978 1165 quemquam
992 1105 1070 1147 ¹rem

379 1162 506 1236 .ullam,'
533 1165 588 1222 nisi
605 1163 791 1243 sapientem
816 1166 848 1224 ὅ(
871 1167 926 1224 hoc
948 1165 1071 1240 quidem

386 1241 470 1304 Zeno
492 1241 572 1325 gestu
589 1241 761 1319 conficiebat
775 1265 888 1318 :-nam‚
905 1265 995 1324 quum
1007 1265 1070 1305 ex·

379 1325 476 1383 :tensis
494 1324 523 1382 di
546 1325 590 1383 'tis
615 1323 766 1383 adversam
790 1345 907 1384 manum
929 1323 1069 1385 ostende-

385 1420 452 1475 rat,
470 1406 509 1465 Vr
520 1425 567 1462 em
585 1445 597 1474 ‚
623 1405 771 1483 inquiebat
780 1429 794 1477 ‚·
818 1403 980 1478 hujusmodi
1002 1404 1068 1465 est:

385 1481 521 1553 deinde,
538 1502 634 1560 vquum
651 1483 768 1562 paulum
788 1483 892 1566 digitos
912 1500 1070 1544 contraxe-

385 1578 429 1620 rat
440 1559 584 1640 ‚affirma
599 1559 780 1640 hujusmodi:
799 1581 862 1623 tum
878 1565 1071 1646 quum-plane

383 1638 610 1722 commederet,
631 1662 818 1780 pugnumque
837 1644 968 1718 fecerat,
985 1664 1070 1705 con:-
1106 1699 1108 1702 .

378 1724 585 1802 prehensionen
609 1720 688 1783 ilam
714 1721 773 1785 effe
802 1724 937 1784 dicebat:
955 1744 1011 1805 qua
1027 1739 1070 1785 ex

380 1803 569 1864 ‘similitudine
592 1805 681 1864 etiam
703 1824 813 1865 nomen
830 1807 868 1865 -ei
888 1806 930 1864 rei
950 1848 960 1876 ,
982 1803 1070 1884 quoe

360 1884 453 1943 -ante
476 1905 544 1949 non
572 1882 696 1954 fuerat,
734 1885 889 1956 κατάληψιν
921 1882 1071 1962 imposuit.

360 2000 363 2009 ·
384 1962 489 2042 Quum
505 1979 602 2022 autem
621 1962 724 2020 levam
739 1980 855 2018 manum
870 1960 1071 2038 admoverat,

385 2043 420 2102 &
449 2043 528 2101 illum
556 2059 686 2118 pugnum
710 2037 788 2096 arde
815 2038 1070 2121 vehementerque

383 2117 588 2200 compresserat
605 2162 615 2191 ,
632 2118 778 2195 stuariam
802 2116 890 2175 talem
908 2113 964 2176 effe
984 2119 1071 2184 dice-

383 2199 460 2272 bat3
482 2196 562 2274 cujus
581 2214 775 2275 compotem,
805 2198 858 2254 nisi
874 2195 1037 2278 sapientem
1056 2220 1071 2278 ,·

383 2277 448 2340 effe
458 2275 615 2338 neminem.
626 2275 684 2336 sed
695 2276 705 2348 ,’
716 2274 916 2357 quisapientes
927 2297 975 2338 aut
987 2283 1045 2342 sint
1053 2327 1068 2355 ‚

383 2358 571 2431 notuerint,
588 2377 624 2418 ne
644 2359 699 2438 ipsi
716 2356 835 2437 quidem
851 2359 943 2420 solent
959 2361 1071 2423 dicere.

383 2437 428 2498 lta
448 2455 478 2499 tu
499 2460 574 2499 nunc
584 2483 594 2512 ‚
606 2436 739 2512 Catule,
754 2438 857 2500 vlucere
873 2439 983 2500 nescis:
1009 2461 1066 2502 nec

383 2537 437 2593 tu,
451 2519 614 2592 Hortensi,
635 2523 665 2578 in
676 2536 732 2578 tua
747 2518 814 2580 villa
830 2541 884 2579 nos
899 2517 967 2580 esse.
983 2519 1066 2581 Num

382 2603 477 2661 minus
504 2602 564 2661 hec
586 2599 732 2659 invidiose
760 2599 916 2660 dicuntur?
939 2621 995 2659 nec
1019 2618 1068 2661 ta·

361 2730 364 2735 .
382 2703 453 2743 men
475 2685 559 2742 nimis
572 2681 748 2761 eleganter:
766 2679 814 2739 ilh
829 2680 963 2739 subtilius.

428 2763 494 2838 146.
513 2762 572 2822 Sed
587 2801 592 2808 ·
617 2782 655 2820 uo
670 2759 764 2818 modo
780 2775 833 2832 tu,
854 2760 877 2818 si
893 2759 961 2818 nihil
980 2770 1068 2820 coni·

405 2844 525 2904 rehendi
542 2865 581 2922 po
605 2860 634 2901 et
644 2885 656 2911 ,
675 2837 794 2897 artificia
809 2839 964 2900 concidere
984 2841 1067 2900 dice-

381 2860 457 2996 in,
476 2945 570 3006 neque
591 2922 661 2982 mihi
677 2918 786 2992 dabas,
803 2922 832 2981 id
853 2920 934 3002 quod
951 2921 1066 2999 proba·

375 2990 549 3082 hiemet,
571 3003 794 3086 tatis-magram
818 3002 880 3068 vim
899 2999 1067 3099 heberetd
