2709 4017
406 555 484 632 234
523 536 588 604 Dr
613 550 786 604 NArnnA
815 544 1028 625 nronvrr,

406 673 508 713 corum
535 669 645 708 nomen
674 646 743 720 est3
775 667 810 707 ea
839 649 919 708 enim
943 647 1010 723 est,
1039 669 1097 731 qua

403 734 543 806 napo-spira
563 729 667 790 Graece
681 729 846 789 nominatur
859 749 868 800 ;
882 750 975 810 quam
986 729 1097 817 frugum

403 809 502 870 semen
519 809 574 871 effe
592 811 714 881 volunt,
735 809 999 891 absconditamque
1015 811 1099 891 quaeri

404 911 422 948 a
440 908 531 950 matre
550 890 669 973 fingunt.
688 889 786 951 Mater
799 908 896 950 autem
909 889 952 949 est
970 911 1100 975 agerem

405 971 450 1028 dis
470 971 596 1054 frugibus
614 969 728 1045 Ceres,
747 988 894 1052 tamquam
907 972 999 1032 Getes
1014 994 1028 1045 ,·
1054 993 1100 1032 ca·

403 1050 493 1132 suque
505 1055 596 1132 prima
614 1052 709 1111 littera
724 1052 824 1111 itidem
839 1054 1018 1124 immutata,
1037 1070 1069 1121 ιιι
1084 1071 1099 1111 a

405 1129 527 1192 Graecis.
559 1132 637 1192 Nam
664 1133 702 1191 ab
731 1131 784 1193 illis
811 1151 930 1214 quoque
957 1134 1101 1212 Δημίηρ,

407 1214 488 1292 quasi
505 1217 638 1289 Γημιίτιρ,
659 1213 807 1272 nominata
822 1209 873 1271 est.
890 1210 958 1272 Jam
977 1215 1029 1293 qui
1044 1232 1100 1270 nra·

405 1315 462 1372 gna
479 1312 612 1367 verreret,
638 1291 787 1353 Mavors}
815 1295 950 1352 Minerva
979 1310 1099 1368 autem

407 1394 470 1453 qnae
483 1374 531 1432 vel
547 1377 676 1433 minueret
686 1419 699 1444 ‚
717 1372 766 1433 vel
775 1374 934 1433 minaretur.
996 1444 999 1449 Ι

449 1452 578 1512 XXVII.
609 1453 769 1534 Quumque
795 1454 824 1513 in
847 1452 989 1513 omnibus
1015 1452 1098 1515 rebus

407 1533 468 1591 vim
482 1533 622 1591 haberent
643 1534 798 1591 maximam
817 1535 930 1612 prima,
951 1531 987 1591 &
1006 1536 1100 1615 extress

405 1632 473 1684 ma,
494 1614 654 1692 principem
670 1615 700 1671 in
713 1610 897 1672 sacrificando
915 1611 1028 1694 Ianum
1045 1610 1099 1675 effe

404 1693 580 1752 voluerunt:
595 1693 675 1773 quod
694 1693 730 1751 ab
751 1695 839 1753 eundo
854 1712 969 1754 nomen
988 1691 1034 1754 est
1050 1690 1100 1755 dn'·

344 1771 347 1780 “
405 1771 504 1845 ἃιιηη
523 1793 560 1832 ex
582 1794 641 1853 quo
655 1775 839 1833 transitiones
857 1775 990 1857 perviae,
1010 1777 1099 1838 Iani:

405 1852 539 1933 foresque
558 1856 586 1911 in
605 1850 752 1913 liminibus
763 1853 952 1933 profanatum
970 1854 1100 1928 aedium,

403 1931 498 2012 janua
518 1936 711 1993 nominantur.
739 1932 817 1992 Nam
837 1933 936 1996 Vestae
955 1946 1100 1995 nomena

405 2012 518 2073 Graecis
532 2035 539 2073 :
565 2033 600 2073 ea
619 2013 660 2073 est
683 2015 760 2074 enim
776 2034 870 2094 ‚quar
887 2014 925 2073 ab
942 2013 1008 2073 iliis·
1025 2016 1100 2080 Μ·

405 2094 525 2152 dicitur:
543 2097 586 2152 vis
605 2111 701 2152 autem
720 2093 780 2177 ejus
799 2094 936 2168 adarna,
957 2092 992 2152 &
1014 2092 1102 2155 focos

404 2176 540 2252 pertinet.
561 2172 661 2252 ltaque
675 2176 703 2232 in
718 2193 753 2232 ea
771 2174 847 2247 dea,
865 2192 930 2256 quae
945 2172 988 2234 est
1002 2193 1100 2247 renam

394 2251 499 2310 'custos
519 2254 705 2326 intimarum,
730 2257 824 2312 omnis
842 2255 873 2314 &
888 2257 1023 2337 precatio
1038 2298 1049 2328 ‚
1067 2256 1100 2315 δι

405 2330 572 2392 sacrificatio
591 2351 722 2393 extrema
738 2333 788 2394 est.
809 2333 875 2396 Nec
891 2334 982 2416 longe
997 2333 1101 2395 absunt

403 2413 441 2472 ab
458 2413 512 2471 hac
529 2414 561 2471 vi
581 2413 619 2473 dii
635 2412 780 2488 Penates,
797 2420 861 2476 sive
878 2437 895 2474 a
903 2436 981 2498 penu
1007 2414 1097 2476 durio

404 2496 524 2552 nomine
544 2490 558 2574 (
578 2493 618 2555 est
638 2497 717 2555 enim
738 2513 849 2569 omne,
862 2515 923 2576 quo
942 2493 1101 2556 vescuntur

404 2574 561 2646 homines,
577 2575 690 2657 penus)
709 2578 770 2635 sive
791 2576 828 2634 ab
843 2594 905 2652 eo,
920 2575 1007 2657 qubd
1017 2578 1101 2658 perri·

405 2674 451 2714 rus
475 2657 623 2716 insident:
649 2677 685 2716 ex
710 2676 770 2736 quo
798 2657 886 2716 etiam
902 2658 1064 2738 penetrales
1082 2678 1101 2717 a

404 2738 500 2815 po'e'tis
516 2753 669 2796 vocantur.
685 2735 750 2795 Jam
763 2734 910 2815 Apollinis
923 2756 1039 2797 nomen
1059 2734 1100 2799 est

406 2813 570 2876 Graecum:
592 2835 679 2896 quem
699 2815 789 2877 solem
806 2815 863 2878 effe
883 2818 999 2877 volunt.
1021 2816 1100 2879 Dia·

405 2916 472 2956 nam
488 2913 604 2970 autem,
627 2895 787 2954 &Lunam
805 2898 943 2958 eamdem
958 2895 1019 2960 effe
1043 2920 1100 2978 pu-

405 2992 485 3035 tant:
505 2990 592 3056 quum
609 2975 657 3054 fhl
673 2975 763 3034 ditius
785 2978 845 3050 sit,
867 2980 919 3039 vel
933 2980 1001 3062 quia
1022 2978 1099 3039 solus

404 3075 442 3117 ex
458 3055 593 3119 omnibus
606 3055 745 3120 sideribus
763 3055 804 3119 est
820 3073 934 3136 tannts,
946 3060 998 3126 vel
1011 3063 1098 3144 quia,
