2709 4017
362 474 539 566 :Lim
570 491 846 549 sncvnntrn
890 500 966 573 239

279 590 351 664 dant
365 633 375 664 ,
394 591 429 648 iis
439 588 591 650 fatendum
602 590 642 652 est
655 637 664 664 ‚
684 611 736 652 eos
748 591 853 672 aliquid
863 613 973 674 agere,

277 672 370 752 idque
388 670 575 750 ptaeclarunt:
601 674 669 733 nihil
685 672 725 732 est
740 690 835 732 autem
854 676 968 753 praecla·

277 753 337 831 rius
356 751 458 811 mundi
472 750 714 814 administratione
725 753 870 813 :deorum
883 756 968 835 igitur

278 833 404 893 consilio
421 831 638 900 administratur.
658 833 753 913 Quod
772 835 795 892 si
808 834 889 893 aliter
906 834 967 908 est,

277 912 388 1002 aliquid
402 911 535 992 pt'ofeffl)
555 916 591 972 sit
609 913 721 974 neceffe
735 913 775 974 est
791 916 913 987 melius,
935 917 968 975 &

278 1013 393 1072 majore
415 993 446 1053 vi
466 994 638 1072 praeditum,
660 994 745 1076 quim
765 995 860 1068 dens,
881 996 966 1076 quale

277 1073 310 1135 id
325 1093 449 1153 cumque
466 1073 526 1148 est,
545 1077 607 1136 sive
625 1077 751 1135 inanima
764 1093 883 1147 natura,
906 1079 968 1137 sive

278 1156 435 1226 necessitas
450 1157 478 1213 vi
499 1155 605 1234 magni
617 1155 751 1229 incitata,
762 1156 822 1214 haec
835 1156 968 1235 pulcher·

278 1236 354 1305 rima
370 1255 390 1296 ο
413 1254 462 1293 eta
477 1233 626 1308 efficiens,
642 1257 706 1315 quae
720 1235 867 1296 videmus.

283 1346 295 1385 3
320 1332 372 1390 77.
424 1330 469 1373 on*
482 1313 524 1374 est
543 1317 627 1395 igitur
648 1333 748 1374 natura
763 1316 885 1375 deorum
899 1337 971 1395 ptae·

277 1390 407 1472 potens,
426 1414 522 1476 neque
544 1394 691 1456 excellens
710 1439 720 1468 ,
753 1397 777 1454 si
793 1395 911 1475 quidem
931 1417 967 1456 ea

277 1473 405 1551 subjeiia
422 1474 462 1534 est
473 1478 499 1535 ei
518 1477 567 1536 vel
581 1476 761 1550 necessitati,
781 1475 830 1536 vel
842 1492 968 1550 naturae,

278 1555 476 1636 quirendum,
495 1559 584 1616 maria
599 1602 609 1629 ‚
626 1575 709 1617 tetrae
726 1557 967 1638 tegantutz'nihil

277 1652 379 1695 autem
398 1634 438 1696 est
454 1635 632 1716 praestantius
654 1636 713 1697 deo
733 1657 740 1694 :
771 1639 807 1696 ab
826 1658 863 1698 eo
881 1638 968 1718 igitur
1007 1690 1009 1694 ,

277 1713 393 1776 neteffe
412 1714 453 1776 est
470 1717 611 1777 mundum
633 1720 704 1798 tegis
729 1715 808 1775 Nulli
822 1720 907 1799 igitur
926 1716 967 1777 est

278 1811 388 1868 naturae
412 1796 584 1870 obedIens,
616 1815 664 1855 aut
700 1794 839 1875 subjeiius
869 1797 967 1856 deus:

279 1895 402 1937 omnem
421 1895 493 1954 ergo
511 1879 585 1956 regit
608 1875 668 1955 ipse
686 1891 825 1933 naturam.
850 1874 967 1936 Etenim

278 1958 304 2017 si
332 1955 522 2017 concedimus
540 1998 551 2024 ,
577 1955 770 2033 intelligentes
791 1953 847 2014 esse
870 1954 967 2027 deos,

279 2036 471 2098 eoncedimus
487 2037 574 2093 etiam
588 2034 798 2115 providentes,
817 2035 850 2094 ἃ.
871 2054 967 2095 rerum

279 2118 400 2198 quidem
413 2116 610 2175 maximarum.
624 2113 703 2196 Ergo
712 2117 806 2173 utritm
815 2117 967 2196 ignorant,

279 2219 345 2279 quae
358 2217 404 2257 res
420 2198 552 2255 maximae
576 2197 654 2270 sint,
677 2215 793 2277 quoque
811 2197 854 2255 hae
875 2196 969 2256 modo

277 2277 434 2340 traiiandae
448 2275 625 2350 &tuendae;
644 2298 680 2336 an
695 2278 754 2337 virn
766 2297 825 2335 non
840 2277 966 2349 habent,

279 2357 340 2439 quit
352 2375 445 2417 tantas
457 2378 503 2417 tes
517 2355 668 2418 sustineant
687 2358 719 2418 &
734 2356 856 2438 gerant?
876 2355 916 2416 At
935 2357 966 2416 ὃ(

278 2439 425 2519 ignoratio
448 2457 567 2509 return,
596 2438 689 2497 aliena
714 2455 820 2496 naturae
842 2437 964 2498 deorum

281 2518 344 2590 est3
360 2519 392 2578 &
405 2517 558 2578 sustinendi
570 2520 696 2577 muneris
707 2534 826 2596 propter
834 2518 969 2576 imbecil-

280 2599 392 2659 litatem
418 2597 592 2670 difficultas,
621 2597 738 2656 minime
763 2595 838 2655 cadit
856 2599 884 2654 in
904 2619 968 2657 tna·

279 2677 414 2758 jestatem
438 2679 571 2738 deorum.
601 2676 645 2736 Ex
672 2698 732 2758 quo
761 2674 881 2736 efficitur
906 2677 967 2750 id,

280 2823 284 2830 ,
301 2759 363 2819 uod
378 2758 536 2831 volumus,
551 2758 673 2817 deorum
690 2756 872 2838 providentii
883 2777 968 2818 mun·

280 2780 351 2901 gum
368 2837 563 2897 administrari.

322 2915 436 2987 XXXI.
457 2918 545 2996 Atqui
566 2914 677 2978 necesse
701 2915 766 2989 est,
795 2937 883 3056 guum
908 2914 967 2974 sint

281 2987 321 3061 'dii
329 3043 343 3074 ,
360 3000 383 3058 si
397 2995 488 3056 modb
506 2999 582 3070 sint,
597 3016 628 3058 ut
642 2997 775 3078 profeiib
788 3066 794 3074 .
807 3005 857 3056 un't
871 3039 881 3071 ‚
903 2994 968 3055 ani.
