2709 4017
379 491 534 562 Linus
560 509 842 564 sucvuous.
885 514 964 585 209

280 603 415 685 pientem
426 605 483 668 esse
496 606 654 680 mundum3
672 608 817 681 similiter,
830 607 965 680 beatum3

281 687 431 760 similiter,
448 704 604 748 aetemum:
620 690 718 747 omnia
736 689 813 747 enim
828 687 889 747 haec
901 708 966 747 me·

280 762 355 824 liora
370 764 449 839 sunt,
469 767 554 847 quim
574 787 705 846 ea,quae
723 766 784 826 sunt
798 767 839 826 his
858 787 963 827 caren-

280 844 319 901 tia
331 863 338 901 τ
358 865 413 904 nec
425 847 536 906 mundo
548 847 703 927 quidquam
713 848 815 907 melius
827 867 835 904 τ
853 866 889 906 ex
903 868 963 928 quo

282 920 423 997 efficitur,
450 923 506 986 effe
531 927 671 986 mundum
697 927 794 988 deum.
821 925 963 1004 Idemque

281 1000 340 1061 hoc
353 1005 463 1064 modo:
483 1005 594 1065 Nullius
604 1005 683 1066 sensu
699 1006 820 1067 carentis
833 1027 897 1086 pars
908 1007 963 1064 aii-

280 1101 339 1161 qua
363 1082 458 1164 potest
483 1082 539 1145 effe
567 1085 716 1145 sentiens:
747 1085 847 1145 mundi
866 1102 963 1146 autem

279 1177 379 1299 partes
403 1162 556 1225 sentientes
582 1164 672 1223 sunt:
700 1186 759 1224 non
778 1167 861 1246 igitur
885 1182 964 1226 caret

294 1240 364 1299 ensu
387 1242 518 1301 mundus.
535 1242 632 1324 Pergit
653 1245 733 1303 idem
755 1245 787 1303 &
806 1261 890 1324 urget
910 1266 965 1303 an-

281 1318 406 1402 gustius:
426 1320 505 1380 Nihil
516 1366 525 1392 ,
536 1325 626 1402 inquit
638 1365 649 1392 ‚
660 1323 739 1403 quod
750 1324 858 1395 animi,
871 1324 967 1402 quud-

281 1419 341 1480 que
354 1401 470 1458 rationis
489 1399 529 1459 est
546 1421 669 1480 expers,
690 1402 718 1460 id
735 1421 871 1482 generare
885 1401 967 1481 expse

282 1480 379 1559 potest
398 1481 817 1560 animantem-compotemque
834 1481 973 1559 ratiotdse

281 1558 408 1618 mundus
426 1576 522 1618 autem
537 1577 655 1641 generat
671 1563 828 1619 animantes
840 1580 964 1640 compo·

282 1635 382 1716 tesque
401 1641 537 1697 tationis:
552 1642 680 1699 animans
691 1639 732 1700 est
746 1641 831 1722 igitur
843 1640 966 1698 mundus

284 1715 462 1796 composque
479 1718 605 1778 rationis.

326 1815 373 1855 22.
391 1795 534 1877 Idemque
551 1797 756 1869 similitudine,
777 1812 808 1855 ut
828 1795 900 1877 saepe
919 1796 968 1855 so-

283 1873 350 1948 let,
371 1879 512 1937 rationem
531 1877 670 1937 conclusit
684 1877 741 1935 hoc
757 1876 866 1933 modo:
889 1874 918 1934 Si
928 1894 965 1934 ex

284 1955 366 2014 oliva
388 1956 537 2016 modulate
560 1972 696 2015 canentes
715 1954 790 2012 tibiae
814 1953 968 2012 nasceren-

283 2050 353 2106 tur;
371 2055 440 2095 num
459 2035 623 2107 dubitares,
642 2036 711 2113 quin
728 2031 827 2092 inesset
841 2036 868 2091 in
886 2035 964 2092 oliva

284 2115 405 2172 tibicinii
425 2116 557 2195 quaedam
577 2113 716 2174 scientia?
736 2113 838 2191 Quid,
864 2115 886 2170 si
906 2113 967 2192 pla·

284 2197 345 2252 tani
359 2191 497 2263 fidiculas,
510 2194 618 2253 ferrent
638 2193 793 2252 numerose
808 2191 939 2251 sonantes
954 2192 966 2252 i

285 2273 365 2333 idem
381 2271 485 2333 scilicet
509 2273 664 2345 censeres,
688 2274 716 2330 in
735 2273 856 2352 platanis
878 2270 966 2333 ineffe

285 2355 433 2412 musicam.
447 2352 508 2413 Cur
522 2355 607 2433 igitur
623 2352 744 2411 mundus
762 2372 821 2411 non
838 2353 966 2411 animans

284 2431 450 2512 sapiensque
469 2431 629 2512 judicetur,
640 2452 729 2510 quum
746 2452 782 2492 ex
792 2432 820 2491 se
833 2448 970 2511 procreet

286 2514 446 2573 animantes
461 2531 546 2592 atque
563 2510 727 2592 sapientes?

327 2589 388 2649 ῙΧ.
406 2591 464 2652 Sed
477 2594 614 2673 quoniam
626 2593 702 2669 coepi
715 2588 795 2648 secus
804 2609 909 2669 agere,
924 2605 968 2649 at·

287 2690 347 2751 que
366 2671 448 2730 initio
468 2673 613 2731 dixeram:
636 2689 771 2749 negaram
793 2672 869 2729 enim
891 2670 965 2729 hanc

286 2751 413 2831 primam
421 2768 531 2830 partem
542 2770 628 2831 egere
641 2751 789 2824 oratione,
809 2750 887 2829 qubd
897 2747 967 2807 effet

287 2829 424 2887 omnibus
442 2834 640 2910 perspicuum,
661 2829 733 2890 deos
757 2829 840 2890 effe:
869 2843 967 2885 tamen

265 2909 320 2983 ‚id
346 2907 438 2987 ipsum
465 2911 619 2971 rationibus
647 2909 774 2989 physicis
806 2902 969 2993 confirmati

288 2988 374 3052 volo.
395 2986 442 3049 Sic
464 2993 540 3053 euim
565 2988 661 3055 resse
680 2989 793 3063 habet,
817 3001 850 3046 ut
869 2999 968 3046 omma
