2709 4017
359 530 412 596 'oo
459 514 936 591 Acrota-meorum

359 655 478 716 quoque
505 652 592 713 atque
619 634 828 695 immutabilem
857 633 914 694 elle
938 633 1047 697 censo-⁴

363 736 445 774 mus:
462 717 589 794 itemque
605 715 785 795 sapientiam,
798 731 888 773 artem
902 717 1049 790 vivendi,

359 815 423 874 quae
442 794 500 872 ipsa
517 816 553 853 ex
573 795 630 854 seso
650 797 754 854 habeat
772 793 971 854 constantiam.
999 795 1043 856 Ea

345 893 461 940 autem
481 873 637 934 constantia
657 876 680 933 si
698 874 766 934 nihil
786 875 890 932 habeat
909 876 1043 954 percepti

365 954 399 1012 &
430 956 570 1034 cogniti,
601 975 729 1033 quaero,
754 954 832 1012 unde
862 971 929 1012 nata
951 956 987 1012 sit
1010 955 1045 1015 &

362 1032 541 1112 quomodo?
556 1032 666 1111 Quaero
687 1037 792 1104 etiam,
809 1033 858 1092 ille
871 1032 1043 1108 virbonus,

348 1113 414 1192 ¹qui
435 1111 530 1172 statuit
561 1125 682 1172 omnen't
710 1115 863 1172 cruciatum
884 1113 1015 1192 perferre
1030 1158 1043 1185 ,

344 1242 346 1246 ,
362 1193 536 1252 intolerabili
558 1192 661 1252 dolore
684 1192 824 1263 lacerari,
842 1195 936 1272 potius
954 1193 1044 1272 quiam

366 1288 399 1331 ut
420 1271 547 1340 officium
566 1274 670 1352 prodat
684 1312 695 1344 ‚-
717 1289 764 1332 aut
785 1271 897 1345 fidem,
923 1292 973 1331 cur
992 1272 1044 1333 has

366 1354 421 1412 sibi
439 1369 498 1412 tam
517 1373 619 1434 graves
636 1354 714 1434 leges
728 1352 914 1432 imposuerit,
932 1372 1043 1431 quum,

348 1434 555 1513 ¹quamobrem
577 1435 616 1492 ira
640 1449 814 1511 oporteret,
832 1431 901 1490 nihil
922 1432 1044 1491 haberet

366 1513 593 1589 comprehensi,
609 1515 762 1590 percepti,
785 1513 915 1591 cogniti,
938 1509 1045 1571 consti-

366 1591 443 1650 tuti?
466 1589 554 1650 Nullo
577 1593 662 1669 igitur
684 1591 775 1650 modo
796 1589 857 1649 sieri
877 1589 993 1670 potest,-
1012 1607 1044 1650 ut

407 1669 514 1748 isquam
548 1673 621 1729 tanti
651 1668 770 1729 aeslimet
803 1674 968 1750 aequitatem
1008 1671 1043 1730 &

346 1691 484 1821 ¹illem,
510 1765 542 1811 ut
564 1747 626 1826 ejus
642 1749 846 1811 conservandae
872 1750 955 1809 causi
977 1749 1045 1809 nul-

365 1829 426 1891 lum
455 1829 624 1910 supplicium
657 1829 788 1903 recuset,
815 1829 868 1890 nisi
892 1832 924 1888 iis
956 1830 1044 1890 rebus

345 1909 487 1982 ,assensus
502 1912 563 1985 ait,
586 1933 650 1992 quae
669 1911 744 1973 falsae
761 1908 817 1971 esse
835 1931 895 1969 uon
917 1907 1045 1988 pollunt-

410 2013 459 2066 24.
483 1990 546 2070 Ipsa
564 1993 637 2052 verb
660 1992 816 2069 sapientia,
836 1992 858 2048 si
878 1988 906 2049 se
927 1991 1044 2126 {priora-

366 2071 427 2144 bit,
444 2073 649 2148 sapientiasit,
671 2090 784 2140 necne;
802 2090 860 2149 quo
876 2090 925 2128 mo
949 2091 967 2128 o
988 2072 1046 2149 pti·

364 2153 446 2210 mbm
462 2150 605 2208 obtinebit
624 2169 735 2208 nomen
753 2147 895 2227 sapientiae
906 2148 921 2205 i·
936 2149 1044 2211 deiude

366 2249 427 2310 quo
448 2227 539 2286 modo
563 2226 702 2306 suscipere
728 2228 851 2306 aliquam
877 2246 967 2300 rem,
995 2246 1044 2290 aut

364 2321 461 2387 agere·
472 2305 595 2365 fidenter
615 2306 755 2379 audebit,
777 2326 865 2385 quum
883 2309 953 2365 certi
973 2307 1044 2370 nihil

350 2389 440 2458 etit,
467 2386 548 2465 quod
565 2384 695 2465 sequatur
714 2385 726 2445 ἓ
748 2385 853 2464 Quum
867 2387 940 2445 verb
958 2387 1044 2448 dubi·

363 2466 466 2538 tabit,
497 2464 567 2546 quid
596 2469 631 2524 sit
658 2483 819 2527 extremum
847 2465 879 2526 &
909 2467 1044 2530 ultimum

363 2544 532 2618 bonorum,
556 2547 690 2626 ignorans
716 2545 774 2624 qub
795 2548 894 2606 omnia
915 2546 1044 2610 reseran-

364 2641 431 2700 tur,
454 2627 503 2707 qui
523 2629 629 2705 poterit
645 2625 701 2686 elle
719 2625 854 2706 sapientia
864 2625 880 2695 ,?

349 2757 352 2762 .
407 2725 455 2786 25.
475 2706 574 2786 Atque
595 2708 683 2765 eriam
697 2707 766 2765 illud
783 2706 962 2787 perspicuum
982 2704 1045 2781 est,

362 2787 495 2846 touslitui
509 2783 619 2845 necesse
634 2785 690 2845 elle
702 2787 832 2855 initium,
844 2785 924 2865 quod
935 2785 1044 2866 sapien·

362 2869 425 2941 tia,
445 2886 532 2947 quum
550 2864 619 2944 quid
636 2885 723 2946 agere
739 2865 874 2944 incipiat,
892 2864 1055 2945 sequatur,-

364 2947 452 3028 idque
475 2947 585 3006 initium
611 2944 669 3004 esse
697 2961 804 3004 naturae
830 2946 1044 3006 accommoda-

354 3039 426 3095 tum
442 3048 452 3089 a
471 3045 539 3089 narn
558 3025 641 3088 aliter
661 3024 802 3108 appetitio
831 3022 845 3106 (
869 3045 935 3089 eam
963 3028 1048 3089 enim
