2709 4017
415 509 488 580 190
525 486 592 554 Da
618 498 791 554 narona
816 500 1028 572 osonum,

410 602 503 664 morid
521 598 724 682 pronuntiabat
743 596 878 677 plurimas
896 595 1014 676 Epicuri
1032 601 1099 667 sen·

410 682 542 755 tendas,
568 679 612 738 his
640 680 707 758 ipsis
732 678 858 748 verbis,
882 677 987 756 quibus
1016 701 1099 759 erant

411 760 529 840 scriptae.
553 757 717 819 Metrodori
735 757 829 828 verb,
849 758 896 835 qui
917 755 958 816 est
980 757 1097 840 Epicuri

411 841 524 920 collega
542 837 704 919 sapientiae,
718 837 807 895 multa
823 835 1042 916 impudentiora
1054 863 1097 904 re·

409 920 534 978 citabat:
557 917 668 977 accusat
686 918 763 976 enim
785 914 1016 992 Timocratem,
1038 921 1097 983 fra.

408 1016 485 1059 trem
507 997 587 1057 suurn
607 1041 617 1070 ,
640 994 857 1067 Metrodorus,
876 995 955 1076 qubd
983 996 1096 1064 dubitet

410 1076 509 1138 dmnia
519 1098 604 1158 ,lquae
618 1076 654 1134 ad
667 1077 783 1135 beatam
798 1076 888 1134 vitam
905 1077 1096 1212 pertineant,

410 1156 513 1217 v'entre
531 1158 643 1216 metiri:
664 1175 760 1236 neque
780 1153 809 1213 id
826 1152 904 1215 serne
933 1154 1026 1233 dicit,
1045 1158 1095 1222 sed

408 1234 518 1318 saepius.
539 1236 678 1296 Annuere
690 1251 725 1294 ne
746 1234 854 1293 video:
873 1250 944 1294 nota
961 1240 1043 1297 enim
1058 1243 1096 1300 ti·

412 1308 441 1376 bi
457 1315 529 1376 funt.
542 1314 705 1375 Proferrem
724 1314 833 1386 libros,
847 1315 870 1372 si
882 1334 919 1373 ne
941 1334 1015 1377 ares.
1033 1316 1096 1381 Ne·

411 1392 467 1478 que
488 1417 564 1455 nunc
583 1393 766 1475 reprehendo
777 1438 788 1466 ,
801 1392 881 1475 qubd
900 1335 940 1453 ad
952 1395 1095 1478 volupta.

410 1495 473 1536 tem
493 1477 591 1534 omnia
608 1473 769 1533 referantur
787 1492 797 1545 ;
816 1473 869 1531 alia
889 1473 929 1534 est
950 1492 985 1533 ea
1009 1497 1093 1558 quae-

411 1552 482 1614 stio:
498 1554 548 1612 sed
568 1554 662 1611 doceo
680 1597 690 1624 ‚
709 1551 781 1610 deos
802 1550 912 1612 vestros
930 1551 987 1614 effe
1004 1556 1094 1617 volu·

410 1632 495 1713 pratis
513 1649 661 1714 expertes:
680 1634 719 1690 ita
732 1627 828 1692 vestro
844 1627 953 1710 judicio
970 1653 1007 1695 ne
1023 1635 1094 1698 bea·

411 1726 475 1771 tos·
500 1711 608 1772 uidem.

451 1790 481 1850 X
518 1790 542 1850 l.
563 1790 605 1850 At
628 1790 732 1852 dolore
749 1805 864 1852 vacant.
886 1787 974 1851 Satin‘
997 1789 1039 1854 est
1061 1794 1093 1857 id

410 1870 449 1930 a'd
466 1871 544 1931 illam
560 1872 755 1933 abundantem
774 1870 859 1930 bonis
876 1873 965 1930 vitam
983 1872 1093 1935 beatis·

411 1951 535 2010 simam?
553 1949 601 2011 Co
622 1954 712 2025 itant,
731 1951 884 2030 inquiunt,
897 1950 1011 2016 assidue
1024 1953 1094 2016 bea·

411 2045 458 2089 tos
477 2029 533 2090 effe
543 2030 572 2091 se
583 2052 592 2104 ;
604 1973 711 2091 babent
723 2033 799 2091 enirn
817 2029 885 2086 nihil
899 2029 995 2099 aliud,
1010 2034 1092 2114 quod

410 2113 521 2190 agitent
545 2113 575 2168 in
600 2127 710 2168 mente.
745 2105 975 2185 Comprehende
1007 2114 1092 2192 igitur

411 2191 536 2258 animo,
562 2188 593 2246 &
613 2204 746 2265 propone
764 2201 829 2243 ante
847 2184 974 2258 oculos,
1000 2190 1091 2253 deum

410 2265 478 2323 nihil
500 2267 528 2321 in
546 2267 624 2323 omni
645 2265 822 2335 aeternitate,
840 2264 914 2336 nisi,
935 2267 1011 2327 Mihi
1022 2273 1091 2350 pul.

409 2344 470 2402 chri
486 2345 539 2421 est,
557 2342 609 2415 δι,
627 2345 653 2400 E
671 2365 686 2399 o
701 2343 796 2400 beatus
806 2341 867 2420 firm
875 2386 885 2412 ‚
898 2347 1090 2426 cogitantem·

411 2419 474 2480 Nec
496 2436 593 2480 tamen
613 2365 732 2492 video,
758 2441 816 2500 quo
838 2421 930 2482 modo
950 2445 1012 2486 non
1035 2450 1089 2491 ve·

409 2516 504 2570 reatur
516 2501 566 2560 iste
582 2500 651 2560 deus
664 2501 783 2572 beatus,
799 2520 835 2560 ne
847 2504 968 2564 intereat
977 2549 987 2576 ‚
996 2527 1086 2586 quum

410 2583 470 2639 sine
480 2579 752 2641 ullaimermissione
761 2579 920 2660 pulsetur‚a
942 2584 1087 2667 ireturque

408 2661 570 2719 incursione
586 2678 750 2720 atomorum
769 2659 958 2741 sempiterna,
980 2684 1088 2742 quum·

410 2740 467 2821 que
484 2758 520 2797 ex
535 2738 595 2818 ipso
617 2744 755 2822 imagines
771 2739 884 2819 semper
899 2739 1024 2803 affluant.
1042 2742 1087 2806 lta

410 2839 465 2880 nec
484 2819 583 2879 beatus
601 2819 642 2880 est
654 2819 747 2881 vester
761 2818 848 2889 deus,
863 2840 917 2879 nec
933 2838 1067 2884 aeternus.

415 2903 422 2986 J
453 2915 518 2983 ¹¹5·
538 2898 581 2962 At
599 2905 686 2964 etiam
703 2899 741 2961 de
758 2896 921 2976 sanditate,
939 2901 976 2962 de
993 2903 1087 2984 pieta·⁴
