2709 4017
395 491 553 561 Lrnan
582 463 915 558 cruentaris.
942 504 1015 581 533

342 617 376 662 tu
394 601 463 664 fiant
480 646 491 674 ,
511 603 591 684 sequi
605 602 677 663 illud
698 602 844 682 quidem,
867 619 898 662 ut
920 603 1019 661 omnia

336 686 433 743 causis
453 682 522 745 fiant
538 684 833 765 antepositis3veri1m
845 702 903 741 non
916 683 1018 762 princi·

341 761 452 897 palibus
469 765 558 824 tausis
569 763 616 824 ¹&
624 760 778 843 persedit,
791 760 840 820 sed
854 759 1020 841 adjuvanti·

363 861 397 900 us
417 841 454 903 δι·
465 836 622 923 proximis:
637 852 701 922 quae
719 843 741 899 si
758 839 823 920 ipsae
836 862 896 900 nou
913 844 969 901 sint
987 841 1018 899 in

336 918 438 991 nostra
454 921 618 1003 potestate·⁹
632 943 693 982 non
712 921 854 999 sequitur,
869 939 901 981 ut
918 941 955 980 ne
969 918 1019 1000 ap‘·

341 1001 448 1136 petitus
463 1002 581 1083 quidem
600 1004 635 1060 sit
648 1004 677 1061 in
694 999 791 1060 nostra
809 998 969 1080 potestate:
989 1015 1019 1059 at

362 1099 399 1139 oc
431 1079 460 1143 se
482 1100 625 1154 ueretur,
651 1082 797 1141 siomnia
822 1079 955 1161 perfeffls
984 1080 1018 1140 &

341 1103 546 1240 principalibus
568 1163 658 1220 causis
678 1157 741 1219 fieri
760 1159 943 1233 diceremus,
960 1177 1017 1233 ut,

342 1258 431 1316 quum
444 1240 492 1300 -hae
512 1239 601 1303 causae
619 1259 680 1299 non
699 1237 788 1298 ellent
804 1241 833 1296 in
854 1239 949 1299 nostra
962 1261 1019 1318 po·-

341 1316 469 1392 testate,
494 1340 533 1381 ne
552 1320 601 1380 ille
625 1318 749 1399 quidem.
774 1316 843 1379 esset
869 1320 900 1377 in
924 1317 1019 1378 nostra

340 1396 494 1478 potestate.

382 1498 432 1550 4²·
449 1479 654 1559 Quamobrem
670 1480 719 1559 qui
734 1481 773 1539 ita
785 1476 876 1538 fatum
889 1477 1022 1538 introdu-

344 1575 413 1617 cunt
430 1603 440 1629 ,
459 1576 491 1618 ut
514 1562 715 1620 necessitatem
730 1556 908 1640 adjungant,
921 1561 954 1618 in
968 1562 1020 1618 eos

343 1637 452 1697 valebit
469 1639 518 1699 illa
536 1639 684 1699 conclusio
704 1659 712 1697 ι
737 1642 784 1719 qui
809 1657 912 1699 autem·
925 1638 1020 1698 causas

345 1717 549 1778 antecedentes
569 1740 629 1777 non
640 1718 737 1776 dicent
751 1718 891 1797 perfedas
903 1765 912 1792 ‚
926 1739 1021 1798 neque

345 1799 536 1877 principales,
563 1801 591 1857 in
612 1817 664 1857 eos
688 1797 756 1857 nibil
779 1799 915 1858 vaiebit:
941 1801 1020 1879 quod

343 1878 421 1936 enim
441 1877 570 1939 dicantur
590 1874 762 1939 affensiones
781 1875 842 1936 fieri
862 1880 951 1937 causis
969 1901 1021 1938 an-

341 1959 475 2036 tepositis
489 1957 549 2029 ,tid
569 1957 654 2036 quale
672 1957 732 2028 sit,
749 1954 833 2015 facile
850 1979 865 2018 a
883 1958 911 2019 se
928 1960 1022 2035 expli·

336 2037 399 2094 'cari
412 2048 513 2114 putant
527 2056 534 2094 :
549 2055 616 2095 nam
634 2054 806 2114 quamquam
826 2032 946 2095 assensio
959 2057 1020 2096 non

343 2117 436 2195 possit
461 2113 523 2175 fieri
549 2115 603 2176 nisi
628 2129 778 2175 commota
800 2113 894 2186 viso,
921 2131 1020 2177 tamen

342 2212 432 2275 quum
445 2194 474 2254 id
486 2193 577 2255 visum
594 2196 755 2272 proximam
771 2193 883 2253 causam
896 2193 1023 2272 babeat,

343 2293 403 2332 non
427 2274 614 2353 principalem
635 2318 645 2344 ‚
663 2274 736 2332 hanc
763 2273 850 2334 habet
876 2277 1022 2337 rationem

346 2352 402 2430 (ut
419 2350 603 2435 Chrysippus
621 2352 704 2432 vult)
719 2374 804 2432 quam
820 2354 929 2415 dudum
946 2356 1023 2416 dixir-

344 2453 430 2506 mus‚
445 2455 506 2492 non
525 2453 556 2493 ut
572 2434 624 2492 illa¹
635 2433 753 2512 quidem
766 2432 827 2491 lieri
845 2437 936 2512 possit
952 2437 1021 2494 nul-

345 2512 373 2571 la
401 2515 432 2573 vi
455 2512 628 2573 extrinsecus
653 2512 776 2573 excitata
800 2517 814 2583 (
836 2511 948 2573 necelie
979 2514 1021 2575 est

344 2592 422 2651 enini
443 2590 631 2653 offensionem
649 2589 712 2650 viso
739 2592 947 2672 commoveri)
970 2593 1021 2654 sed

333 2673 496 2742 revertitur
512 2673 548 2733 ad
566 2670 754 2751 cylindrum,
772 2671 803 2730 &
821 2672 857 2732 ad
877 2674 1021 2734 turbinem

332 2751 448 2824 ¹suum,
469 2774 532 2829 quae
548 2754 663 2812 moveri
680 2753 831 2829 incipere,
848 2754 899 2811 nisi
919 2753 1022 2830 pulsa,

345 2852 405 2889 non
436 2830 577 2909 polluat:
604 2830 633 2891 id
658 2848 754 2891 autern
780 2850 869 2908 quum
891 2832 1022 2908 accidit,

345 2908 443 2982 suipte
463 2911 563 2969 naturb
579 2954 589 2983 ,
604 2911 684 2990 quod
703 2907 850 3006 superest,
872 2910 903 2968 &
925 2913 1023 2991 cylin-
1087 2922 1090 2926 '

345 2987 429 3051 drutn
450 2989 531 3047 volvi
546 3034 563 3060 ,A
579 2989 612 3057 δι
636 2989 742 3056 versari
763 2989 906 3050 turbinem
930 3010 1021 3072 putat.

385 3065 467 3131 XIX·
488 3067 531 3132 Ut
551 3069 634 3152 igitur
650 3115 661 3144 ,
681 3072 796 3152 inquit,
813 3072 864 3157 qui
877 3075 1023 3162 ‘protrusit

417 3200 419 3204 .
842 3151 907 3231 ZriJ
