2709 4017
479 520 641 584 Lrunn
672 528 881 582 urruns.
951 533 1013 604 171

328 631 406 712 qui,
428 626 653 688 concedentibus
669 625 846 707 philosophis
861 627 984 708 antiquis
1005 672 1015 702 ‚

332 707 552 769 adolescentulis
583 705 792 780 delectamur,
825 708 914 781 etiam
947 710 1021 769 vitia'

331 787 407 870 saepe
438 786 564 866 jucunda
593 785 667 845 sunt.
700 784 808 845 Naevus
838 786 867 845 in
897 788 1019 849 articulo

330 868 414 950 pueri
438 868 561 928 deleciat
584 865 742 925 Alcaeurn:
768 881 798 924 at
823 863 863 925 est
889 871 1021 946 corporis

332 947 476 1022 macula,
502 966 625 1007 naevus:
650 946 691 1005 illi
715 962 814 1004 tamen
838 945 896 1005 hoc
921 946 1024 1012 lumen

332 1028 497 1089 videbatur.
519 1025 563 1105 Q.
584 1023 723 1098 Catulus,
742 1021 964 1106 hujus-collegae
985 1027 1020 1085 &

331 1106 480 1166 familiaris
507 1102 596 1165 nostri
623 1121 705 1185 pater
728 1148 738 1178 ,
766 1103 865 1163 dilexit
894 1106 1021 1177 munici-

333 1207 405 1267 pern
422 1202 504 1244 tuum
519 1183 674 1244 Roscium:
692 1184 723 1243 in
739 1203 826 1262 quem
844 1185 931 1246 etiam
948 1184 1021 1244 illud

332 1264 379 1326 est
395 1263 477 1343 ejus:

336 1386 492 1448 Constiterat
503 1419 512 1443 ‚
522 1383 665 1435 exorientem
676 1398 784 1433 auroram
797 1379 863 1446 fimi
872 1378 1012 1446 salutares

295 1484 303 1523 .’
395 1477 473 1548 Quum
485 1475 566 1544 subito
580 1493 595 1523 a
606 1476 666 1524 lava
675 1471 776 1541 Roscius
793 1473 907 1523 exoritur.

334 1567 402 1619 Pace
412 1567 467 1617 milri
477 1568 550 1617 liceat
560 1602 569 1624 ‚
582 1566 701 1627 caelestes,
715 1567 790 1615 dicere
800 1565 894 1625 vestri,

347 1657 352 1665 '
393 1658 509 1708 Mortalis
525 1656 606 1726 visu'st
618 1657 741 1726 pulchrior
754 1654 797 1722 effe
812 1659 865 1706 deo.

336 1737 435 1819 Huic,
454 1747 511 1808 deo
529 1747 693 1828 pulchrior:
711 1763 740 1806 at
761 1762 845 1820 erat,
868 1745 1021 1807 sicutho·

338 1827 387 1888 die
406 1825 469 1900 est,
492 1828 712 1906 perversissimis
734 1826 851 1885 oculis:
874 1826 945 1905 quid
967 1845 1018 1885 re·

335 1905 525 2048 teipltgbpinlprop
542 1902 634 1985 ipsum
645 1901 746 1964 sallum
762 1905 802 1963 illi
819 1904 851 1964 &
870 1902 1021 1965 venustum

382 2061 513 2124 XXIX.
532 2059 637 2122 Redeo
650 2059 688 2120 ad
699 2059 781 2120 deos.
796 2059 911 2201 Ecpuos
925 2063 1021 2123 sinon

338 2163 401 2206 tatu
424 2141 595 2215 strabones,
618 2158 648 2201 at
673 2140 793 2220 paetulos
818 2162 835 2202 e
859 2163 876 2203 e
901 2140 1023 2202 arbitra·

340 2223 427 2287 mur?
445 2243 556 2305 ecquos
572 2241 687 2281 naevum
706 2219 832 2280 habere?
850 2242 959 2303 ecquos
979 2224 1029 2281 si·-

342 2306 405 2377 los‚
424 2304 553 2374 flaccos,
573 2298 745 2374 frontones,
765 2303 937 2380 capitones,
955 2322 1029 2383 qua,

341 2382 451 2459 suntin
471 2378 576 2442 nobis?
596 2401 633 2441 an
655 2382 752 2440 omnia
772 2381 925 2447 emendata
939 2383 969 2443 in
982 2382 1031 2449 ila.

342 2462 404 2523 lis?
426 2463 509 2523 detur
527 2460 558 2520 id
577 2459 671 2520 vobis.
696 2456 882 2529 Num-etiarn
904 2458 948 2519 est'
963 2480 1031 2524 unar

344 2543 472 2603 omniurn
484 2539 595 2601 facies?
613 2559 681 2599 nam
694 2541 718 2601 si
735 2538 836 2618 plures
841 2561 852 2614 3
867 2539 950 2607 allatu
962 2539 1032 2605 elle}

342 2623 398 2682 alii
418 2618 612 2702 pulchriorem
636 2615 748 2678 necelle
774 2615 826 2679 est.
853 2616 943 2700 Igitur
966 2621 1033 2681 elin

343 2703 408 2780 quis
422 2721 484 2760 nou
498 2699 705 2781 pulcherrimus
722 2697 802 2758 deus.
828 2695 859 2757 Si
876 2719 933 2759 uua
951 2718 1034 2759 ont-t

344 2782 425 2839 nium
442 2779 528 2840 facies
546 2777 609 2852 est,
629 2778 734 2837 llorere
752 2779 782 2836 in
801 2777 879 2840 coelo
899 2777 1034 2838 Acade--

343 2860 434 2920 miani
462 2855 574 2919 necesse
604 2855 655 2920 esi
685 2856 715 2916 Si
745 2858 825 2918 enim
851 2857 1023 2917 nihilinter

346 2939 435 2999 deum
457 2936 490 2997 &
515 2937 601 3009 deum
625 2932 720 2996 differt
739 2959 755 3011 ,·
775 2933 919 3008 unumst
943 2932 1023 3016 apud

344 3013 419 3080 deos
433 3016 584 3100 cognitio,
599 3016 676 3078 nulla
689 3016 867 3153 perceptio}1
879 3089 898 3106 ss
948 3070 953 3082 Δ

878 3107 900 3170 ¹1
