2709 4017
458 528 514 573 sn
548 513 874 573 Conversum·
957 526 1013 592 553

334 607 361 662 θ
379 613 471 662 deorum
483 613 593 681 figuram,
610 612 682 662 Hunc
695 613 826 663 verborum
843 609 952 662 ordinem
971 611 1021 660 ser·

331 698 377 734 vat
396 687 475 752 rebius
493 687 582 734 codex.

372 757 421 806 181
437 761 499 815 ‚26.
516 757 550 805 Et
568 755 669 806 moribus
686 755 821 806 simillimis.
840 753 956 805 Ultimum
972 771 1021 804 vo-

331 845 408 883 tem,
428 847 480 895 quae
497 830 592 878 videtur
607 827 686 877 abeffe
706 843 756 877 non
772 827 860 894 polle,
878 827 969 896 adjecit
988 845 1021 879 ex

333 902 429 966 optimo
446 900 536 953 Etiensi
554 901 678 951 Davisius.

353 992 357 999 ·
375 973 445 1036 189,
469 987 509 1036 ¹3·
529 974 580 1021 Aur
598 973 766 1022 colomm.1ta
784 988 840 1022 cum
853 969 965 1022 Vallrero
980 970 1022 1020 de·

333 1044 482 1110 dimus,pro
501 1046 600 1112 vulgato
615 1060 655 1092 aur
667 1045 778 1110 florium,
798 1060 830 1094 ne
847 1043 884 1094 bis
902 1042 966 1092 idem
984 1043 1020 1094 di·

336 1129 376 1167 cat
393 1133 400 1166 :
418 1117 548 1182 sequuntur
564 1117 627 1166 enim
642 1119 742 1166 odores.

376 1203 445 1252 190,
465 1190 507 1240 18.
528 1189 659 1258 Cogitant,
682 1187 811 1254 inquiunt,
830 1187 922 1238 assidui
939 1187 1023 1238 beatos

336 1259 381 1325 effe
396 1259 424 1328 se
442 1277 451 1310 .·
474 1260 560 1311 babent
575 1261 635 1310 enirn
652 1259 713 1309 nibil
730 1259 820 1316 aliud,
845 1262 907 1326 quod
923 1262 1024 1329 agitent.

336 1333 398 1384 Haec
410 1334 489 1394 omnia
501 1333 614 1401 singulari
630 1348 731 1383 numero
746 1331 878 1382 efferuntur
896 1331 919 1380 in
937 1333 1025 1400 vulga·

333 1408 387 1464 ris,
404 1407 445 1457 led
458 1407 540 1456 invitis
558 1406 700 1463 codicibus,
717 1405 742 1456 &
754 1403 924 1463 vetuistioribus
941 1407 1024 1455 editis.

377 1491 449 1542 193,
470 1492 495 1543 3.
514 1478 659 1542 Eleusinem.
684 1479 721 1530 lta
746 1476 827 1544 regius
849 1493 906 1527 cum
929 1476 1024 1528 duobus

333 1550 474 1612 Davisianis
484 1553 633 1617 ,probatque
644 1549 764 1602 Buherius
775 1565 821 1615 pro
834 1551 934 1616 vulgato
945 1549 1024 1599 Eleu-

337 1623 413 1673 sinum
423 1626 462 1674 vel
471 1623 606 1672 Eleusina:
622 1639 671 1675 non
683 1623 747 1672 enirn
764 1623 796 1671 de
806 1621 855 1688 ipsa
870 1621 964 1672 Cerere
976 1622 1025 1674 ser·

332 1712 377 1747 sno
396 1695 447 1754 est,
464 1695 553 1758 sedlde
571 1696 650 1754 urbe,
670 1694 695 1744 in
714 1713 760 1761 qua
779 1696 913 1745 colebatur.
967 1705 970 1710 '

374 1768 437 1818 lbid.
459 1783 500 1830 17.
521 1767 579 1817 Tum
591 1766 713 1833 principia
728 1767 830 1825 mentis,
856 1785 904 1833 quae
923 1765 970 1816 Ge.
987 1767 1025 1818 lta

333 1855 370 1894 ,ex
389 1840 416 1889 S.
435 1839 569 1906 Augustino
587 1840 718 1906 legendum
736 1835 866 1904 eslewvidit
885 1839 1035 1899 Buherius‚.

336 1914 474 1978 probatque
499 1911 624 1962 Davisius.
647 1910 732 1979 Vulgd
754 1925 803 1960 trum
820 1911 941 1978 principia
959 1912 1025 1962 meu·

336 1982 416 2052 resque
432 2018 441 2040 ,
463 2003 510 2050 qua
526 1984 574 2034 (sc.

300 2107 304 2113 ,
319 2067 321 2069 ’
376 2073 429 2106 202
444 2091 452 2112 ,
469 2072 493 2105 r.
503 2055 732 2124 Adinuelligandum
739 2050 813 2121 suem.
824 2054 916 2105 Navius
935 2071 983 2104 non
992 2056 1024 2106 ad

333 2129 524 2196 investigandum
542 2131 624 2184 suem,
641 2129 682 2177 led
693 2127 792 2178 inventi
805 2128 845 2178 sue
861 2161 869 2187 ,
888 2129 918 2176 ad
932 2145 1025 2187 uvam,
1081 2189 1084 2195 Ι

334 2220 392 2267 ,quae
401 2201 500 2251 maxima
508 2201 567 2251 ellet
577 2235 585 2259 ,
595 2201 778 2267 reperiendam,
789 2200 1035 2268 lituo‘regiones'vi!
1067 2194 1069 2198 ’
1083 2197 1091 2210 “

303 2330 307 2337 ,
339 2290 393 2324 neae
407 2274 554 2325 terminavit.
570 2273 825 2338 ltaqueBuherius&
841 2272 954 2326 Pearcius
972 2274 1026 2325 haec
1052 2291 1059 2296 ·

339 2348 414 2396 verba
434 2346 628 2402 delent,addita
650 2345 788 2412 aquodam
815 2346 899 2412 ignaro
922 2345 1026 2398 historiae
1064 2342 1068 2349 ¹

338 2418 464 2486 Romanae.
482 2420 548 2468 Idem
565 2420 663 2469 censent
675 2421 705 2468 de
716 2435 779 2468 voce
792 2417 910 2478 Hostilius
923 2434 931 2468 ε
945 2435 1032 2483 neque,

339 2492 404 2540 enim
423 2491 536 2540 Hostilius
555 2523 563 2548 ,
581 2492 621 2540 sed
640 2490 786 2554 Tarquinius
807 2489 899 2539 Priscus
922 2491 1026 2558 augurio

339 2562 412 2614 Navii
429 2566 492 2612 bella
512 2563 596 2631 gessit.
612 2562 677 2612 Vide
696 2562 726 2611 de
744 2561 920 2619 Divinatione,
942 2575 987 2626 31.

377 2635 439 2685 lbid.
457 2651 499 2685 10.
509 2635 587 2685 Nulla
593 2634 722 2701 peremnia.
739 2634 816 2700 Capta
827 2634 963 2685 intransitu
976 2651 1026 2686 am·

340 2707 377 2759 mis
398 2707 510 2773 auspicia.
529 2708 593 2761 Vide
615 2707 645 2756 de
666 2706 825 2756 Divinatione
845 2723 884 2766 2,
906 2722 951 2769 77.

377 2793 428 2843 203
451 2813 459 2839 ,
488 2793 530 2842 ¹3·
553 2779 645 2836 Hortos
671 2777 800 2845 Scipionis.
826 2779 863 2828 lta
889 2779 1026 2837 constanter

338 2852 449 2902 codices.
462 2851 554 2900 Placuit
562 2851 677 2917 Lambino
695 2851 718 2899 in
735 2851 808 2901 loreis
817 2850 957 2916 Scipionis,
970 2851 1026 2902 Ma·
1082 2860 1084 2866 '

340 2925 411 2974 sntio
432 2921 621 2990 omspeflionis,
643 2923 750 2974 Buberio
775 2919 947 2990 asispsec‘tionis.
974 2924 1024 2976 Sed

339 2995 403 3049 nihil'
420 2997 557 3045 mutandum
570 2996 674 3044 uidetur.

379 3079 431 3126 204
440 3098 447 3122 ,
457 3080 501 3130 ²9·
515 3067 573 3116 Tum
582 3067 683 3117 labibus.
692 3069 730 3118 lta
745 3066 910 3125 Gulielmius,
921 3070 1029 3135 proban·

309 3186 311 3190 Α
341 3139 406 3193 ribus
425 3137 534 3189 Grutero
546 3141 573 3194 δι
589 3140 708 3201 Divisio,
718 3158 764 3208 pro
778 3143 878 3209 vulgato
892 3141 1026 3210 lapidibus,

378 3210 463 3279 somus
479 3209 534 3277 ld·
832 3213 880 3272 aa
