<?xml version="1.0" encoding="UTF-8"?>
<!DOCTYPE html PUBLIC "-//W3C//DTD XHTML 1.0 Transitional//EN"
    "http://www.w3.org/TR/xhtml1/DTD/xhtml1-transitional.dtd">
<html xmlns="http://www.w3.org/1999/xhtml" xml:lang="en" lang="en">
 <head>
  <title>
</title>
<meta http-equiv="Content-Type" content="text/html;charset=utf-8" />
  <meta name='ocr-system' content='tesseract 3.04.00' />
  <meta name='ocr-capabilities' content='ocr_page ocr_carea ocr_par ocr_line ocrx_word'/>
</head>
<body>
  <div class='ocr_page' id='page_1' title='image "./mtulliiciceroni10lallgoog/mtulliiciceroni10lallgoog_0528.png"; bbox 0 0 2709 4017; ppageno 0'>
   <div class='ocr_carea' id='block_1_1' title="bbox 317 519 814 626">
    <p class='ocr_par' dir='ltr' id='par_1_1' title="bbox 317 519 814 626">
     <span class='ocr_line' id='line_1_1' title="bbox 317 519 814 626; baseline -0.01 -37"><span class='ocrx_word' id='word_1_1' title='bbox 317 539 398 626; x_wconf 79' lang='lat'>524</span> <span class='ocrx_word' id='word_1_2' title='bbox 506 519 589 588; x_wconf 77' lang='lat' dir='ltr'>Da</span> <span class='ocrx_word' id='word_1_3' title='bbox 629 529 814 602; x_wconf 68' lang='lat' dir='ltr'>raro,</span> 
     </span>
    </p>
   </div>
   <div class='ocr_carea' id='block_1_2' title="bbox 320 629 1061 2999">
    <p class='ocr_par' dir='ltr' id='par_1_2' title="bbox 320 629 1008 935">
     <span class='ocr_line' id='line_1_2' title="bbox 321 629 1008 709; baseline -0.009 -10"><span class='ocrx_word' id='word_1_4' title='bbox 321 637 383 701; x_wconf 80' lang='lat' dir='ltr'>aine</span> <span class='ocrx_word' id='word_1_5' title='bbox 407 631 509 707; x_wconf 89' lang='lat' dir='ltr'>causa,</span> <span class='ocrx_word' id='word_1_6' title='bbox 525 632 655 692; x_wconf 83' lang='lat' dir='ltr'><strong>dicimus.</strong></span> <span class='ocrx_word' id='word_1_7' title='bbox 677 629 728 690; x_wconf 90' lang='lat' dir='ltr'>De</span> <span class='ocrx_word' id='word_1_8' title='bbox 749 629 810 709; x_wconf 86' lang='lat' dir='ltr'>ipsa</span> <span class='ocrx_word' id='word_1_9' title='bbox 827 644 936 693; x_wconf 82' lang='lat' dir='ltr'>atomo</span> <span class='ocrx_word' id='word_1_10' title='bbox 955 629 1008 693; x_wconf 85' lang='lat' dir='ltr'>dici</span> 
     </span>
     <span class='ocr_line' id='line_1_3' title="bbox 322 713 1008 796; baseline -0.003 -21"><span class='ocrx_word' id='word_1_11' title='bbox 322 713 439 796; x_wconf 84' lang='lat' dir='ltr'>potest,</span> <span class='ocrx_word' id='word_1_12' title='bbox 460 735 549 794; x_wconf 88' lang='lat' dir='ltr'>quum</span> <span class='ocrx_word' id='word_1_13' title='bbox 562 733 613 793; x_wconf 89' lang='lat' dir='ltr'>per</span> <span class='ocrx_word' id='word_1_14' title='bbox 631 715 716 771; x_wconf 87' lang='lat' dir='ltr'>inane</span> <span class='ocrx_word' id='word_1_15' title='bbox 736 728 898 771; x_wconf 86' lang='lat' dir='ltr'>moveatur</span> <span class='ocrx_word' id='word_1_16' title='bbox 911 717 1008 795; x_wconf 85' lang='lat' dir='ltr'>gravi-</span> 
     </span>
     <span class='ocr_line' id='line_1_4' title="bbox 320 789 1007 874; baseline 0 -20"><span class='ocrx_word' id='word_1_17' title='bbox 320 811 380 855; x_wconf 90' lang='lat' dir='ltr'>tate</span> <span class='ocrx_word' id='word_1_18' title='bbox 396 794 428 853; x_wconf 72' lang='grc' dir='ltr'>ὅ(</span> <span class='ocrx_word' id='word_1_19' title='bbox 443 794 596 873; x_wconf 88' lang='lat' dir='ltr'>pondere,</span> <span class='ocrx_word' id='word_1_20' title='bbox 612 794 671 850; x_wconf 89' lang='lat' dir='ltr'>sine</span> <span class='ocrx_word' id='word_1_21' title='bbox 690 789 771 848; x_wconf 88' lang='lat' dir='ltr'>causa</span> <span class='ocrx_word' id='word_1_22' title='bbox 790 795 929 868; x_wconf 87' lang='lat' dir='ltr'>moveri,</span> <span class='ocrx_word' id='word_1_23' title='bbox 946 796 1007 874; x_wconf 78' lang='lat' dir='ltr'>quit</span> 
     </span>
     <span class='ocr_line' id='line_1_5' title="bbox 323 867 838 935; baseline -0.01 -1"><span class='ocrx_word' id='word_1_24' title='bbox 323 875 403 935; x_wconf 83' lang='lat' dir='ltr'>nulla</span> <span class='ocrx_word' id='word_1_25' title='bbox 418 872 499 932; x_wconf 89' lang='lat' dir='ltr'>causa</span> <span class='ocrx_word' id='word_1_26' title='bbox 517 872 635 931; x_wconf 84' lang='lat' dir='ltr'>accedat</span> <span class='ocrx_word' id='word_1_27' title='bbox 651 867 838 930; x_wconf 85' lang='lat' dir='ltr'>extrinsecus.</span> 
     </span>
    </p>

    <p class='ocr_par' dir='ltr' id='par_1_3' title="bbox 325 949 1061 1906">
     <span class='ocr_line' id='line_1_6' title="bbox 366 949 1008 1032; baseline -0.008 -20"><span class='ocrx_word' id='word_1_28' title='bbox 366 971 415 1032; x_wconf 84' lang='lat'>25.</span> <span class='ocrx_word' id='word_1_29' title='bbox 434 951 537 1011; x_wconf 88' lang='lat' dir='ltr'>Rursus</span> <span class='ocrx_word' id='word_1_30' title='bbox 554 968 673 1021; x_wconf 88' lang='lat' dir='ltr'>autem,</span> <span class='ocrx_word' id='word_1_31' title='bbox 690 969 729 1008; x_wconf 89' lang='lat' dir='ltr'>ne</span> <span class='ocrx_word' id='word_1_32' title='bbox 744 971 851 1010; x_wconf 86' lang='lat' dir='ltr'>omnes</span> <span class='ocrx_word' id='word_1_33' title='bbox 870 971 888 1008; x_wconf 86' lang='lat' dir='ltr'>a</span> <span class='ocrx_word' id='word_1_34' title='bbox 909 949 1008 1028; x_wconf 83' lang='lat' dir='ltr'>physi-</span> 
     </span>
     <span class='ocr_line' id='line_1_7' title="bbox 325 1028 1008 1110; baseline -0.006 -19"><span class='ocrx_word' id='word_1_35' title='bbox 325 1033 367 1091; x_wconf 89' lang='lat' dir='ltr'>cis</span> <span class='ocrx_word' id='word_1_36' title='bbox 383 1032 568 1102; x_wconf 86' lang='lat' dir='ltr'>irrideamur,</span> <span class='ocrx_word' id='word_1_37' title='bbox 586 1033 609 1088; x_wconf 84' lang='lat' dir='ltr'>si</span> <span class='ocrx_word' id='word_1_38' title='bbox 625 1030 752 1088; x_wconf 86' lang='lat' dir='ltr'>dicamus</span> <span class='ocrx_word' id='word_1_39' title='bbox 770 1031 932 1110; x_wconf 82' lang='lat' dir='ltr'>quidquam</span> <span class='ocrx_word' id='word_1_40' title='bbox 951 1028 1008 1088; x_wconf 85' lang='lat' dir='ltr'>fieri</span> 
     </span>
     <span class='ocr_line' id='line_1_8' title="bbox 326 1107 1008 1190; baseline -0.006 -19"><span class='ocrx_word' id='word_1_41' title='bbox 326 1115 388 1171; x_wconf 83' lang='lat' dir='ltr'>sine</span> <span class='ocrx_word' id='word_1_42' title='bbox 405 1109 507 1183; x_wconf 88' lang='lat' dir='ltr'>causa,</span> <span class='ocrx_word' id='word_1_43' title='bbox 523 1108 754 1190; x_wconf 87' lang='lat' dir='ltr'>distinguendum</span> <span class='ocrx_word' id='word_1_44' title='bbox 771 1107 813 1168; x_wconf 87' lang='lat' dir='ltr'>est</span> <span class='ocrx_word' id='word_1_45' title='bbox 830 1155 840 1183; x_wconf 98' lang='lat'>,</span> <span class='ocrx_word' id='word_1_46' title='bbox 863 1110 950 1168; x_wconf 87' lang='lat' dir='ltr'>&amp;ita</span> <span class='ocrx_word' id='word_1_47' title='bbox 967 1109 1008 1167; x_wconf 91' lang='lat' dir='ltr'>di·</span> 
     </span>
     <span class='ocr_line' id='line_1_9' title="bbox 326 1187 1008 1269; baseline -0.004 -20"><span class='ocrx_word' id='word_1_48' title='bbox 326 1187 472 1263; x_wconf 82' lang='lat' dir='ltr'>cendum,</span> <span class='ocrx_word' id='word_1_49' title='bbox 491 1191 578 1269; x_wconf 85' lang='lat' dir='ltr'>ipsius</span> <span class='ocrx_word' id='word_1_50' title='bbox 596 1188 736 1247; x_wconf 79' lang='lat' dir='ltr'>individui</span> <span class='ocrx_word' id='word_1_51' title='bbox 756 1188 831 1248; x_wconf 88' lang='lat' dir='ltr'>hanc</span> <span class='ocrx_word' id='word_1_52' title='bbox 848 1187 907 1248; x_wconf 83' lang='lat' dir='ltr'>esse</span> <span class='ocrx_word' id='word_1_53' title='bbox 927 1204 1008 1246; x_wconf 88' lang='lat' dir='ltr'>natu·</span> 
     </span>
     <span class='ocr_line' id='line_1_10' title="bbox 326 1269 1007 1350; baseline -0.004 -22"><span class='ocrx_word' id='word_1_54' title='bbox 326 1291 410 1344; x_wconf 87' lang='lat' dir='ltr'>tarn,</span> <span class='ocrx_word' id='word_1_55' title='bbox 430 1286 461 1329; x_wconf 92' lang='lat' dir='ltr'>ut</span> <span class='ocrx_word' id='word_1_56' title='bbox 478 1269 609 1349; x_wconf 88' lang='lat' dir='ltr'>pondere</span> <span class='ocrx_word' id='word_1_57' title='bbox 629 1269 815 1350; x_wconf 85' lang='lat' dir='ltr'>&amp;gravitate</span> <span class='ocrx_word' id='word_1_58' title='bbox 835 1286 1007 1341; x_wconf 85' lang='lat' dir='ltr'>moveatur,</span> 
     </span>
     <span class='ocr_line' id='line_1_11' title="bbox 329 1346 1008 1430; baseline 0.003 -21"><span class='ocrx_word' id='word_1_59' title='bbox 329 1368 453 1430; x_wconf 87' lang='lat' dir='ltr'>eamque</span> <span class='ocrx_word' id='word_1_60' title='bbox 469 1349 556 1428; x_wconf 85' lang='lat' dir='ltr'>ipsam</span> <span class='ocrx_word' id='word_1_61' title='bbox 574 1347 630 1408; x_wconf 81' lang='lat' dir='ltr'>esse</span> <span class='ocrx_word' id='word_1_62' title='bbox 648 1346 759 1407; x_wconf 88' lang='lat' dir='ltr'>causam</span> <span class='ocrx_word' id='word_1_63' title='bbox 778 1392 788 1422; x_wconf 96' lang='lat'>,</span> <span class='ocrx_word' id='word_1_64' title='bbox 808 1367 858 1408; x_wconf 88' lang='lat' dir='ltr'>cur</span> <span class='ocrx_word' id='word_1_65' title='bbox 874 1349 915 1408; x_wconf 81' lang='lat' dir='ltr'>ita</span> <span class='ocrx_word' id='word_1_66' title='bbox 937 1347 1008 1411; x_wconf 85' lang='lat' dir='ltr'>feta.-</span> 
     </span>
     <span class='ocr_line' id='line_1_12' title="bbox 328 1428 1061 1489; baseline -0.005 0"><span class='ocrx_word' id='word_1_67' title='bbox 328 1445 384 1489; x_wconf 87' lang='lat' dir='ltr'>tur.</span> <span class='ocrx_word' id='word_1_68' title='bbox 410 1428 546 1489; x_wconf 86' lang='lat' dir='ltr'>Similiter</span> <span class='ocrx_word' id='word_1_69' title='bbox 559 1429 595 1486; x_wconf 88' lang='lat' dir='ltr'>ad</span> <span class='ocrx_word' id='word_1_70' title='bbox 610 1431 773 1488; x_wconf 88' lang='lat' dir='ltr'>animorum</span> <span class='ocrx_word' id='word_1_71' title='bbox 784 1444 884 1488; x_wconf 89' lang='lat' dir='ltr'>motus</span> <span class='ocrx_word' id='word_1_72' title='bbox 903 1428 1008 1488; x_wconf 84' lang='lat' dir='ltr'>volun·</span> <span class='ocrx_word' id='word_1_73' title='bbox 1058 1472 1061 1477; x_wconf 84' lang='lat'><strong>.</strong></span> 
     </span>
     <span class='ocr_line' id='line_1_13' title="bbox 329 1506 1009 1588; baseline -0.004 -20"><span class='ocrx_word' id='word_1_74' title='bbox 329 1511 437 1582; x_wconf 84' lang='lat' dir='ltr'>tarios,</span> <span class='ocrx_word' id='word_1_75' title='bbox 456 1529 517 1568; x_wconf 86' lang='lat' dir='ltr'>non</span> <span class='ocrx_word' id='word_1_76' title='bbox 532 1506 574 1568; x_wconf 93' lang='lat' dir='ltr'>est</span> <span class='ocrx_word' id='word_1_77' title='bbox 586 1507 760 1588; x_wconf 87' lang='lat' dir='ltr'>requirenda</span> <span class='ocrx_word' id='word_1_78' title='bbox 771 1526 894 1568; x_wconf 84' lang='lat' dir='ltr'>externa</span> <span class='ocrx_word' id='word_1_79' title='bbox 911 1507 1009 1568; x_wconf 85' lang='lat' dir='ltr'>causa:</span> 
     </span>
     <span class='ocr_line' id='line_1_14' title="bbox 330 1587 1010 1649; baseline -0.007 0"><span class='ocrx_word' id='word_1_80' title='bbox 330 1607 430 1649; x_wconf 85' lang='lat' dir='ltr'>motus</span> <span class='ocrx_word' id='word_1_81' title='bbox 452 1591 530 1647; x_wconf 88' lang='lat' dir='ltr'>enirn</span> <span class='ocrx_word' id='word_1_82' title='bbox 548 1587 725 1647; x_wconf 83' lang='lat' dir='ltr'>voluntarius</span> <span class='ocrx_word' id='word_1_83' title='bbox 747 1607 812 1647; x_wconf 88' lang='lat' dir='ltr'>eam</span> <span class='ocrx_word' id='word_1_84' title='bbox 834 1604 966 1647; x_wconf 88' lang='lat' dir='ltr'>naturarn</span> <span class='ocrx_word' id='word_1_85' title='bbox 983 1588 1010 1644; x_wconf 86' lang='lat' dir='ltr'>in</span> 
     </span>
     <span class='ocr_line' id='line_1_15' title="bbox 330 1666 1010 1746; baseline 0 -21"><span class='ocrx_word' id='word_1_86' title='bbox 330 1666 360 1726; x_wconf 86' lang='lat' dir='ltr'>se</span> <span class='ocrx_word' id='word_1_87' title='bbox 374 1667 432 1744; x_wconf 91' lang='lat' dir='ltr'>ipse</span> <span class='ocrx_word' id='word_1_88' title='bbox 449 1667 597 1739; x_wconf 84' lang='lat' dir='ltr'>continet,</span> <span class='ocrx_word' id='word_1_89' title='bbox 608 1683 640 1725; x_wconf 93' lang='lat' dir='ltr'>ut</span> <span class='ocrx_word' id='word_1_90' title='bbox 655 1669 691 1725; x_wconf 86' lang='lat' dir='ltr'>sit</span> <span class='ocrx_word' id='word_1_91' title='bbox 703 1667 733 1725; x_wconf 94' lang='lat' dir='ltr'>in</span> <span class='ocrx_word' id='word_1_92' title='bbox 745 1666 840 1726; x_wconf 86' lang='lat' dir='ltr'>nostra</span> <span class='ocrx_word' id='word_1_93' title='bbox 851 1667 1010 1746; x_wconf 87' lang='lat' dir='ltr'>potestate,</span> 
     </span>
     <span class='ocr_line' id='line_1_16' title="bbox 330 1743 1011 1826; baseline 0.001 -22"><span class='ocrx_word' id='word_1_94' title='bbox 330 1743 472 1826; x_wconf 86' lang='lat' dir='ltr'>nobisque</span> <span class='ocrx_word' id='word_1_95' title='bbox 494 1762 608 1824; x_wconf 84' lang='lat' dir='ltr'>pareat:</span> <span class='ocrx_word' id='word_1_96' title='bbox 625 1767 682 1807; x_wconf 90' lang='lat' dir='ltr'>nec</span> <span class='ocrx_word' id='word_1_97' title='bbox 701 1746 732 1805; x_wconf 89' lang='lat' dir='ltr'>id</span> <span class='ocrx_word' id='word_1_98' title='bbox 749 1748 810 1806; x_wconf 86' lang='lat' dir='ltr'>sine</span> <span class='ocrx_word' id='word_1_99' title='bbox 831 1745 931 1806; x_wconf 85' lang='lat' dir='ltr'>causa:</span> <span class='ocrx_word' id='word_1_100' title='bbox 952 1743 1011 1826; x_wconf 83' lang='lat' dir='ltr'>ejus</span> 
     </span>
     <span class='ocr_line' id='line_1_17' title="bbox 332 1823 843 1906; baseline 0 -20"><span class='ocrx_word' id='word_1_101' title='bbox 332 1828 409 1886; x_wconf 83' lang='lat' dir='ltr'>enim</span> <span class='ocrx_word' id='word_1_102' title='bbox 423 1829 465 1885; x_wconf 91' lang='lat' dir='ltr'>tei</span> <span class='ocrx_word' id='word_1_103' title='bbox 485 1823 565 1885; x_wconf 90' lang='lat' dir='ltr'>causa</span> <span class='ocrx_word' id='word_1_104' title='bbox 576 1870 587 1901; x_wconf 95' lang='lat'>,</span> <span class='ocrx_word' id='word_1_105' title='bbox 600 1826 660 1906; x_wconf 88' lang='lat' dir='ltr'>ipsa</span> <span class='ocrx_word' id='word_1_106' title='bbox 675 1842 775 1884; x_wconf 86' lang='lat' dir='ltr'>natura</span> <span class='ocrx_word' id='word_1_107' title='bbox 793 1823 843 1886; x_wconf 82' lang='lat' dir='ltr'>est.</span> 
     </span>
    </p>

    <p class='ocr_par' dir='ltr' id='par_1_4' title="bbox 332 1903 1015 2533">
     <span class='ocr_line' id='line_1_18' title="bbox 376 1903 1012 1985; baseline -0.002 -21"><span class='ocrx_word' id='word_1_108' title='bbox 376 1905 424 1964; x_wconf 88' lang='lat'>26.</span> <span class='ocrx_word' id='word_1_109' title='bbox 446 1903 542 1981; x_wconf 85' lang='lat' dir='ltr'>Quod</span> <span class='ocrx_word' id='word_1_110' title='bbox 560 1925 649 1984; x_wconf 91' lang='lat' dir='ltr'>quum</span> <span class='ocrx_word' id='word_1_111' title='bbox 665 1906 704 1962; x_wconf 88' lang='lat' dir='ltr'>ita</span> <span class='ocrx_word' id='word_1_112' title='bbox 721 1907 777 1977; x_wconf 84' lang='lat' dir='ltr'>sit,</span> <span class='ocrx_word' id='word_1_113' title='bbox 796 1904 942 1985; x_wconf 88' lang='lat' dir='ltr'>quidest,</span> <span class='ocrx_word' id='word_1_114' title='bbox 965 1925 1012 1965; x_wconf 85' lang='lat' dir='ltr'>cur</span> 
     </span>
     <span class='ocr_line' id='line_1_19' title="bbox 332 1983 1014 2064; baseline -0.001 -21"><span class='ocrx_word' id='word_1_115' title='bbox 332 2004 394 2057; x_wconf 75' lang='lat' dir='ltr'>uon</span> <span class='ocrx_word' id='word_1_116' title='bbox 412 1989 507 2043; x_wconf 84' lang='lat' dir='ltr'>omnis</span> <span class='ocrx_word' id='word_1_117' title='bbox 526 1985 723 2064; x_wconf 75' lang='lat' dir='ltr'>pronuntiatio</span> <span class='ocrx_word' id='word_1_118' title='bbox 739 2000 788 2043; x_wconf 87' lang='lat' dir='ltr'>aut</span> <span class='ocrx_word' id='word_1_119' title='bbox 804 2004 875 2057; x_wconf 83' lang='lat' dir='ltr'>veta</span> <span class='ocrx_word' id='word_1_120' title='bbox 888 2002 937 2044; x_wconf 93' lang='lat' dir='ltr'>aut</span> <span class='ocrx_word' id='word_1_121' title='bbox 949 1983 1014 2042; x_wconf 87' lang='lat' dir='ltr'>salsa</span> 
     </span>
     <span class='ocr_line' id='line_1_20' title="bbox 333 2061 1013 2142; baseline -0.001 -20"><span class='ocrx_word' id='word_1_122' title='bbox 333 2065 391 2137; x_wconf 69' lang='lat' dir='ltr'>ait,</span> <span class='ocrx_word' id='word_1_123' title='bbox 408 2065 461 2121; x_wconf 90' lang='lat' dir='ltr'>nisi</span> <span class='ocrx_word' id='word_1_124' title='bbox 478 2061 697 2124; x_wconf 82' lang='lat' dir='ltr'>concesserimus</span> <span class='ocrx_word' id='word_1_125' title='bbox 715 2061 776 2122; x_wconf 87' lang='lat' dir='ltr'>sato</span> <span class='ocrx_word' id='word_1_126' title='bbox 789 2062 852 2122; x_wconf 87' lang='lat' dir='ltr'>sieri</span> <span class='ocrx_word' id='word_1_127' title='bbox 871 2083 1013 2142; x_wconf 82' lang='lat' dir='ltr'>quaecum·</span> 
     </span>
     <span class='ocr_line' id='line_1_21' title="bbox 334 2141 1011 2223; baseline -0.001 -22"><span class='ocrx_word' id='word_1_128' title='bbox 334 2163 392 2223; x_wconf 83' lang='lat' dir='ltr'>que</span> <span class='ocrx_word' id='word_1_129' title='bbox 406 2142 495 2202; x_wconf 81' lang='lat' dir='ltr'>siant?</span> <span class='ocrx_word' id='word_1_130' title='bbox 513 2142 592 2221; x_wconf 90' lang='lat' dir='ltr'>Quia</span> <span class='ocrx_word' id='word_1_131' title='bbox 607 2141 700 2212; x_wconf 80' lang='lat' dir='ltr'>sutura</span> <span class='ocrx_word' id='word_1_132' title='bbox 715 2162 805 2216; x_wconf 85' lang='lat' dir='ltr'>vera,</span> <span class='ocrx_word' id='word_1_133' title='bbox 823 2145 934 2222; x_wconf 86' lang='lat' dir='ltr'>inquit,</span> <span class='ocrx_word' id='word_1_134' title='bbox 954 2163 1011 2201; x_wconf 88' lang='lat' dir='ltr'>non</span> 
     </span>
     <span class='ocr_line' id='line_1_22' title="bbox 333 2221 1013 2302; baseline 0.001 -22"><span class='ocrx_word' id='word_1_135' title='bbox 333 2222 450 2302; x_wconf 80' lang='lat' dir='ltr'>possunt</span> <span class='ocrx_word' id='word_1_136' title='bbox 475 2221 530 2282; x_wconf 82' lang='lat' dir='ltr'>effe</span> <span class='ocrx_word' id='word_1_137' title='bbox 552 2242 609 2296; x_wconf 87' lang='lat' dir='ltr'>ea,</span> <span class='ocrx_word' id='word_1_138' title='bbox 651 2244 694 2282; x_wconf 86' lang='lat' dir='ltr'>uae</span> <span class='ocrx_word' id='word_1_139' title='bbox 712 2221 829 2295; x_wconf 87' lang='lat' dir='ltr'>causas,</span> <span class='ocrx_word' id='word_1_140' title='bbox 849 2243 900 2282; x_wconf 91' lang='lat' dir='ltr'>cur</span> <span class='ocrx_word' id='word_1_141' title='bbox 923 2222 1013 2282; x_wconf 90' lang='lat' dir='ltr'>sutura</span> 
     </span>
     <span class='ocr_line' id='line_1_23' title="bbox 334 2300 1015 2382; baseline 0.003 -25"><span class='ocrx_word' id='word_1_142' title='bbox 334 2302 605 2372; x_wconf 75' lang='lat' dir='ltr'>sint,u0nhabent.</span> <span class='ocrx_word' id='word_1_143' title='bbox 649 2304 847 2382; x_wconf 82' lang='lat' dir='ltr'>abeantigitur</span> <span class='ocrx_word' id='word_1_144' title='bbox 857 2300 949 2360; x_wconf 83' lang='lat' dir='ltr'>causas</span> <span class='ocrx_word' id='word_1_145' title='bbox 962 2320 1015 2359; x_wconf 87' lang='lat' dir='ltr'>ne·</span> 
     </span>
     <span class='ocr_line' id='line_1_24' title="bbox 335 2375 1013 2462; baseline 0.001 -25"><span class='ocrx_word' id='word_1_146' title='bbox 335 2376 409 2439; x_wconf 88' lang='lat' dir='ltr'>cesse</span> <span class='ocrx_word' id='word_1_147' title='bbox 433 2375 474 2438; x_wconf 87' lang='lat' dir='ltr'>est</span> <span class='ocrx_word' id='word_1_148' title='bbox 491 2399 546 2450; x_wconf 89' lang='lat' dir='ltr'>ea,</span> <span class='ocrx_word' id='word_1_149' title='bbox 568 2399 631 2459; x_wconf 85' lang='lat' dir='ltr'>quae</span> <span class='ocrx_word' id='word_1_150' title='bbox 648 2401 719 2441; x_wconf 87' lang='lat' dir='ltr'>vera</span> <span class='ocrx_word' id='word_1_151' title='bbox 738 2381 818 2440; x_wconf 86' lang='lat' dir='ltr'>sunt:</span> <span class='ocrx_word' id='word_1_152' title='bbox 840 2384 908 2454; x_wconf 90' lang='lat' dir='ltr'>ita,</span> <span class='ocrx_word' id='word_1_153' title='bbox 928 2399 1013 2462; x_wconf 87' lang='lat' dir='ltr'>quum</span> 
     </span>
     <span class='ocr_line' id='line_1_25' title="bbox 336 2457 761 2533; baseline -0.007 -12"><span class='ocrx_word' id='word_1_154' title='bbox 336 2461 507 2533; x_wconf 84' lang='lat' dir='ltr'>evenerint,</span> <span class='ocrx_word' id='word_1_155' title='bbox 523 2457 583 2518; x_wconf 89' lang='lat' dir='ltr'>sato</span> <span class='ocrx_word' id='word_1_156' title='bbox 600 2462 761 2520; x_wconf 87' lang='lat' dir='ltr'>evenerint.</span> 
     </span>
    </p>

    <p class='ocr_par' dir='ltr' id='par_1_5' title="bbox 334 2535 1020 2999">
     <span class='ocr_line' id='line_1_26' title="bbox 376 2535 1015 2621; baseline 0 -23"><span class='ocrx_word' id='word_1_157' title='bbox 376 2536 442 2598; x_wconf 89' lang='lat' dir='ltr'><strong>XII.</strong></span> <span class='ocrx_word' id='word_1_158' title='bbox 462 2535 639 2598; x_wconf 68' lang='lat' dir='ltr'>Consedium</span> <span class='ocrx_word' id='word_1_159' title='bbox 660 2542 835 2621; x_wconf 84' lang='lat' dir='ltr'>negotium,</span> <span class='ocrx_word' id='word_1_160' title='bbox 855 2543 879 2599; x_wconf 88' lang='lat' dir='ltr'>si</span> <span class='ocrx_word' id='word_1_161' title='bbox 900 2539 1015 2621; x_wconf 86' lang='lat' dir='ltr'>quidem</span> 
     </span>
     <span class='ocr_line' id='line_1_27' title="bbox 334 2617 1017 2692; baseline -0.003 -14"><span class='ocrx_word' id='word_1_162' title='bbox 334 2617 389 2678; x_wconf 84' lang='lat' dir='ltr'>tibi</span> <span class='ocrx_word' id='word_1_163' title='bbox 411 2619 633 2679; x_wconf 84' lang='lat' dir='ltr'>concedendum</span> <span class='ocrx_word' id='word_1_164' title='bbox 660 2617 728 2690; x_wconf 86' lang='lat' dir='ltr'>est,</span> <span class='ocrx_word' id='word_1_165' title='bbox 753 2636 801 2678; x_wconf 88' lang='lat' dir='ltr'>aut</span> <span class='ocrx_word' id='word_1_166' title='bbox 827 2618 889 2680; x_wconf 85' lang='lat' dir='ltr'>fato</span> <span class='ocrx_word' id='word_1_167' title='bbox 921 2621 1017 2692; x_wconf 75' lang='lat' dir='ltr'>omnia</span> 
     </span>
     <span class='ocr_line' id='line_1_28' title="bbox 335 2696 1018 2780; baseline 0.003 -23"><span class='ocrx_word' id='word_1_168' title='bbox 335 2696 416 2779; x_wconf 75' lang='lat' dir='ltr'>sieri,</span> <span class='ocrx_word' id='word_1_169' title='bbox 433 2715 480 2757; x_wconf 86' lang='lat' dir='ltr'>aut</span> <span class='ocrx_word' id='word_1_170' title='bbox 499 2700 654 2780; x_wconf 86' lang='lat' dir='ltr'>quidquam</span> <span class='ocrx_word' id='word_1_171' title='bbox 671 2696 751 2779; x_wconf 80' lang='lat' dir='ltr'>posse</span> <span class='ocrx_word' id='word_1_172' title='bbox 769 2697 833 2758; x_wconf 85' lang='lat' dir='ltr'>fieri</span> <span class='ocrx_word' id='word_1_173' title='bbox 849 2702 911 2758; x_wconf 86' lang='lat' dir='ltr'>sine</span> <span class='ocrx_word' id='word_1_174' title='bbox 929 2699 1018 2759; x_wconf 84' lang='lat' dir='ltr'>causa.</span> 
     </span>
     <span class='ocr_line' id='line_1_29' title="bbox 336 2777 1018 2839; baseline 0.003 -3"><span class='ocrx_word' id='word_1_175' title='bbox 336 2777 387 2837; x_wconf 89' lang='lat' dir='ltr'>An</span> <span class='ocrx_word' id='word_1_176' title='bbox 411 2779 492 2838; x_wconf 86' lang='lat' dir='ltr'>aliter</span> <span class='ocrx_word' id='word_1_177' title='bbox 512 2779 573 2837; x_wconf 81' lang='lat' dir='ltr'>haec</span> <span class='ocrx_word' id='word_1_178' title='bbox 598 2780 757 2838; x_wconf 84' lang='lat' dir='ltr'>enuntiatio</span> <span class='ocrx_word' id='word_1_179' title='bbox 781 2798 853 2838; x_wconf 83' lang='lat' dir='ltr'>vera</span> <span class='ocrx_word' id='word_1_180' title='bbox 877 2777 1018 2839; x_wconf 81' lang='lat' dir='ltr'>essenon</span> 
     </span>
     <span class='ocr_line' id='line_1_30' title="bbox 338 2857 1019 2938; baseline 0 -20"><span class='ocrx_word' id='word_1_181' title='bbox 338 2857 453 2936; x_wconf 86' lang='lat' dir='ltr'>potest,</span> <span class='ocrx_word' id='word_1_182' title='bbox 474 2861 569 2937; x_wconf 81' lang='lat' dir='ltr'>Capiet</span> <span class='ocrx_word' id='word_1_183' title='bbox 584 2860 765 2918; x_wconf 82' lang='lat' dir='ltr'>Numantiam</span> <span class='ocrx_word' id='word_1_184' title='bbox 784 2862 900 2938; x_wconf 81' lang='lat' dir='ltr'>Scipio,</span> <span class='ocrx_word' id='word_1_185' title='bbox 915 2860 968 2917; x_wconf 88' lang='lat' dir='ltr'>nisi</span> <span class='ocrx_word' id='word_1_186' title='bbox 985 2878 1019 2918; x_wconf 79' lang='lat' dir='ltr'>ex</span> 
     </span>
     <span class='ocr_line' id='line_1_31' title="bbox 337 2936 1020 2999; baseline -0.001 -1"><span class='ocrx_word' id='word_1_187' title='bbox 337 2940 497 2998; x_wconf 80' lang='lat' dir='ltr'>aeternitate</span> <span class='ocrx_word' id='word_1_188' title='bbox 525 2936 604 2995; x_wconf 89' lang='lat' dir='ltr'>causa</span> <span class='ocrx_word' id='word_1_189' title='bbox 630 2936 741 2997; x_wconf 87' lang='lat' dir='ltr'>causam</span> <span class='ocrx_word' id='word_1_190' title='bbox 765 2937 861 2997; x_wconf 88' lang='lat' dir='ltr'>serens</span> <span class='ocrx_word' id='word_1_191' title='bbox 885 2939 944 2999; x_wconf 89' lang='lat' dir='ltr'>hoc</span> <span class='ocrx_word' id='word_1_192' title='bbox 968 2942 1020 2998; x_wconf 87' lang='lat' dir='ltr'>erit</span> 
     </span>
    </p>
   </div>
   <div class='ocr_carea' id='block_1_3' title="bbox 339 3013 1021 3098">
    <p class='ocr_par' dir='ltr' id='par_1_6' title="bbox 339 3013 1021 3098">
     <span class='ocr_line' id='line_1_32' title="bbox 339 3013 1021 3098; baseline 0.004 -23"><span class='ocrx_word' id='word_1_193' title='bbox 339 3013 499 3092; x_wconf 64' lang='lat' dir='ltr'>affectura?</span> <span class='ocrx_word' id='word_1_194' title='bbox 521 3013 571 3074; x_wconf 83' lang='lat' dir='ltr'>An</span> <span class='ocrx_word' id='word_1_195' title='bbox 589 3016 646 3079; x_wconf 90' lang='lat' dir='ltr'>hoc</span> <span class='ocrx_word' id='word_1_196' title='bbox 667 3015 766 3078; x_wconf 86' lang='lat' dir='ltr'>salsum</span> <span class='ocrx_word' id='word_1_197' title='bbox 784 3016 924 3098; x_wconf 83' lang='lat' dir='ltr'>potuisset</span> <span class='ocrx_word' id='word_1_198' title='bbox 943 3016 1021 3092; x_wconf 83' lang='lat' dir='ltr'>esse,</span> 
     </span>
    </p>
   </div>
   <div class='ocr_carea' id='block_1_4' title="bbox 0 0 1384 4017">
    <p class='ocr_par' dir='ltr' id='par_1_7' title="bbox 0 0 1384 4017">
     <span class='ocr_line' id='line_1_33' title="bbox 0 0 1384 4017; baseline 0 0"><span class='ocrx_word' id='word_1_199' title='bbox 0 0 1384 4017; x_wconf 95' lang='lat' dir='ltr'> </span> 
     </span>
    </p>
   </div>
  </div>
 </body>
</html>
