<?xml version="1.0" encoding="UTF-8"?>
<!DOCTYPE html PUBLIC "-//W3C//DTD XHTML 1.0 Transitional//EN"
    "http://www.w3.org/TR/xhtml1/DTD/xhtml1-transitional.dtd">
<html xmlns="http://www.w3.org/1999/xhtml" xml:lang="en" lang="en">
 <head>
  <title>
</title>
<meta http-equiv="Content-Type" content="text/html;charset=utf-8" />
  <meta name='ocr-system' content='tesseract 3.04.00' />
  <meta name='ocr-capabilities' content='ocr_page ocr_carea ocr_par ocr_line ocrx_word'/>
</head>
<body>
  <div class='ocr_page' id='page_1' title='image "./mtulliiciceroni10lallgoog/mtulliiciceroni10lallgoog_0222.png"; bbox 0 0 2709 4017; ppageno 0'>
   <div class='ocr_carea' id='block_1_1' title="bbox 408 407 1018 484">
    <p class='ocr_par' dir='ltr' id='par_1_1' title="bbox 408 407 1018 484">
     <span class='ocr_line' id='line_1_1' title="bbox 408 407 1018 484; baseline -0.02 -3"><span class='ocrx_word' id='word_1_1' title='bbox 408 410 483 481; x_wconf 82' lang='lat'>216</span> <span class='ocrx_word' id='word_1_2' title='bbox 520 407 585 473; x_wconf 71' lang='lat' dir='ltr'>De</span> <span class='ocrx_word' id='word_1_3' title='bbox 610 418 784 472; x_wconf 69' lang='lat' dir='ltr'>naruna</span> <span class='ocrx_word' id='word_1_4' title='bbox 808 418 1018 484; x_wconf 69' lang='lat' dir='ltr'>monum,</span> 
     </span>
    </p>
   </div>
   <div class='ocr_carea' id='block_1_2' title="bbox 407 514 1097 2030">
    <p class='ocr_par' dir='ltr' id='par_1_2' title="bbox 407 514 1097 1237">
     <span class='ocr_line' id='line_1_2' title="bbox 408 514 1095 587; baseline -0.006 -7"><span class='ocrx_word' id='word_1_5' title='bbox 408 541 441 580; x_wconf 88' lang='lat' dir='ltr'>ac</span> <span class='ocrx_word' id='word_1_6' title='bbox 458 518 653 578; x_wconf 74' lang='lat' dir='ltr'>multoeciam</span> <span class='ocrx_word' id='word_1_7' title='bbox 667 538 715 577; x_wconf 88' lang='lat' dir='ltr'>ma</span> <span class='ocrx_word' id='word_1_8' title='bbox 736 519 778 587; x_wconf 87' lang='lat' dir='ltr'>is,</span> <span class='ocrx_word' id='word_1_9' title='bbox 798 514 911 577; x_wconf 86' lang='lat' dir='ltr'>necesse</span> <span class='ocrx_word' id='word_1_10' title='bbox 924 514 967 576; x_wconf 87' lang='lat' dir='ltr'>est</span> <span class='ocrx_word' id='word_1_11' title='bbox 985 516 1095 577; x_wconf 77' lang='lat' dir='ltr'>absolvi</span> 
     </span>
     <span class='ocr_line' id='line_1_3' title="bbox 407 596 1096 678; baseline -0.001 -20"><span class='ocrx_word' id='word_1_12' title='bbox 407 598 513 678; x_wconf 87' lang='lat' dir='ltr'>aliquid</span> <span class='ocrx_word' id='word_1_13' title='bbox 530 618 563 656; x_wconf 89' lang='lat' dir='ltr'>ac</span> <span class='ocrx_word' id='word_1_14' title='bbox 586 596 695 677; x_wconf 86' lang='lat' dir='ltr'>perfici.</span> <span class='ocrx_word' id='word_1_15' title='bbox 749 597 839 654; x_wconf 86' lang='lat' dir='ltr'>terrim</span> <span class='ocrx_word' id='word_1_16' title='bbox 861 598 967 656; x_wconf 84' lang='lat' dir='ltr'>cereris</span> <span class='ocrx_word' id='word_1_17' title='bbox 989 599 1096 656; x_wconf 79' lang='lat' dir='ltr'>naturis</span> 
     </span>
     <span class='ocr_line' id='line_1_4' title="bbox 408 674 1096 756; baseline -0.007 -18"><span class='ocrx_word' id='word_1_18' title='bbox 408 679 498 738; x_wconf 90' lang='lat' dir='ltr'>multa</span> <span class='ocrx_word' id='word_1_19' title='bbox 519 695 666 748; x_wconf 78' lang='lat' dir='ltr'>externa,</span> <span class='ocrx_word' id='word_1_20' title='bbox 692 677 864 756; x_wconf 72' lang='lat' dir='ltr'>quominus</span> <span class='ocrx_word' id='word_1_21' title='bbox 888 674 1096 756; x_wconf 85' lang='lat' dir='ltr'>perficiantur,</span> 
     </span>
     <span class='ocr_line' id='line_1_5' title="bbox 408 754 1097 839; baseline -0.003 -22"><span class='ocrx_word' id='word_1_22' title='bbox 408 756 523 839; x_wconf 81' lang='lat' dir='ltr'>poffunt</span> <span class='ocrx_word' id='word_1_23' title='bbox 542 755 696 816; x_wconf 89' lang='lat' dir='ltr'>obsistere:</span> <span class='ocrx_word' id='word_1_24' title='bbox 718 754 877 814; x_wconf 88' lang='lat' dir='ltr'>universam</span> <span class='ocrx_word' id='word_1_25' title='bbox 896 771 996 815; x_wconf 84' lang='lat' dir='ltr'>autern</span> <span class='ocrx_word' id='word_1_26' title='bbox 1011 774 1097 815; x_wconf 86' lang='lat' dir='ltr'>naru-</span> 
     </span>
     <span class='ocr_line' id='line_1_6' title="bbox 410 833 1096 973; baseline -0.003 -77"><span class='ocrx_word' id='word_1_27' title='bbox 410 859 471 897; x_wconf 91' lang='lat' dir='ltr'>ram</span> <span class='ocrx_word' id='word_1_28' title='bbox 489 837 567 897; x_wconf 90' lang='lat' dir='ltr'>nulla</span> <span class='ocrx_word' id='word_1_29' title='bbox 583 856 628 896; x_wconf 87' lang='lat' dir='ltr'>res</span> <span class='ocrx_word' id='word_1_30' title='bbox 644 833 740 917; x_wconf 87' lang='lat' dir='ltr'>potest</span> <span class='ocrx_word' id='word_1_31' title='bbox 754 835 918 973; x_wconf 75' lang='lat' dir='ltr'>impedire3</span> <span class='ocrx_word' id='word_1_32' title='bbox 936 853 1096 917; x_wconf 81' lang='lat' dir='ltr'>propterea</span> 
     </span>
     <span class='ocr_line' id='line_1_7' title="bbox 409 914 1096 997; baseline -0.003 -22"><span class='ocrx_word' id='word_1_33' title='bbox 409 917 488 997; x_wconf 72' lang='lat' dir='ltr'>quod</span> <span class='ocrx_word' id='word_1_34' title='bbox 505 936 608 977; x_wconf 91' lang='lat' dir='ltr'>omnes</span> <span class='ocrx_word' id='word_1_35' title='bbox 624 934 737 975; x_wconf 76' lang='lat' dir='ltr'>naturas</span> <span class='ocrx_word' id='word_1_36' title='bbox 757 918 816 994; x_wconf 86' lang='lat' dir='ltr'>ipa</span> <span class='ocrx_word' id='word_1_37' title='bbox 831 916 950 974; x_wconf 81' lang='lat' dir='ltr'>cohibet</span> <span class='ocrx_word' id='word_1_38' title='bbox 968 916 1002 975; x_wconf 88' lang='lat'>&amp;</span> <span class='ocrx_word' id='word_1_39' title='bbox 1023 914 1096 974; x_wconf 85' lang='lat' dir='ltr'>con-</span> 
     </span>
     <span class='ocr_line' id='line_1_8' title="bbox 410 992 1096 1076; baseline -0.003 -20"><span class='ocrx_word' id='word_1_40' title='bbox 410 1002 493 1057; x_wconf 86' lang='lat' dir='ltr'>tinet.</span> <span class='ocrx_word' id='word_1_41' title='bbox 520 996 668 1076; x_wconf 87' lang='lat' dir='ltr'>Quocirca</span> <span class='ocrx_word' id='word_1_42' title='bbox 688 993 800 1057; x_wconf 80' lang='lat' dir='ltr'>neceffe</span> <span class='ocrx_word' id='word_1_43' title='bbox 822 992 864 1054; x_wconf 90' lang='lat' dir='ltr'>est</span> <span class='ocrx_word' id='word_1_44' title='bbox 883 993 939 1054; x_wconf 84' lang='lat' dir='ltr'>effe</span> <span class='ocrx_word' id='word_1_45' title='bbox 961 1013 1096 1074; x_wconf 83' lang='lat' dir='ltr'>quartum</span> 
     </span>
     <span class='ocr_line' id='line_1_9' title="bbox 409 1074 1096 1155; baseline -0.004 -19"><span class='ocrx_word' id='word_1_46' title='bbox 409 1078 490 1137; x_wconf 91' lang='lat' dir='ltr'>illum</span> <span class='ocrx_word' id='word_1_47' title='bbox 515 1078 547 1136; x_wconf 88' lang='lat'>&amp;</span> <span class='ocrx_word' id='word_1_48' title='bbox 566 1077 731 1136; x_wconf 82' lang='lat' dir='ltr'>altissimum</span> <span class='ocrx_word' id='word_1_49' title='bbox 753 1074 904 1155; x_wconf 83' lang='lat' dir='ltr'>gradum,</span> <span class='ocrx_word' id='word_1_50' title='bbox 936 1076 999 1154; x_wconf 78' lang='lat' dir='ltr'>qub</span> <span class='ocrx_word' id='word_1_51' title='bbox 1019 1074 1096 1135; x_wconf 86' lang='lat' dir='ltr'>nulla</span> 
     </span>
     <span class='ocr_line' id='line_1_10' title="bbox 413 1155 725 1237; baseline -0.006 -20"><span class='ocrx_word' id='word_1_52' title='bbox 413 1160 458 1218; x_wconf 87' lang='lat' dir='ltr'>vis</span> <span class='ocrx_word' id='word_1_53' title='bbox 471 1159 562 1237; x_wconf 84' lang='lat' dir='ltr'>possit</span> <span class='ocrx_word' id='word_1_54' title='bbox 574 1155 725 1216; x_wconf 87' lang='lat' dir='ltr'>accedere.</span> 
     </span>
    </p>

    <p class='ocr_par' dir='ltr' id='par_1_3' title="bbox 412 1231 1097 1553">
     <span class='ocr_line' id='line_1_11' title="bbox 456 1231 1096 1315; baseline -0.005 -19"><span class='ocrx_word' id='word_1_55' title='bbox 456 1238 502 1315; x_wconf 80' lang='lat'>36.</span> <span class='ocrx_word' id='word_1_56' title='bbox 522 1234 550 1295; x_wconf 89' lang='lat' dir='ltr'>ls</span> <span class='ocrx_word' id='word_1_57' title='bbox 566 1254 663 1296; x_wconf 83' lang='lat' dir='ltr'>autem</span> <span class='ocrx_word' id='word_1_58' title='bbox 678 1233 719 1295; x_wconf 90' lang='lat' dir='ltr'>est</span> <span class='ocrx_word' id='word_1_59' title='bbox 737 1231 860 1314; x_wconf 82' lang='lat' dir='ltr'>gradus,</span> <span class='ocrx_word' id='word_1_60' title='bbox 873 1233 902 1290; x_wconf 90' lang='lat' dir='ltr'>in</span> <span class='ocrx_word' id='word_1_61' title='bbox 921 1252 983 1312; x_wconf 92' lang='lat' dir='ltr'>quo</span> <span class='ocrx_word' id='word_1_62' title='bbox 1000 1252 1096 1293; x_wconf 90' lang='lat' dir='ltr'>rerum</span> 
     </span>
     <span class='ocr_line' id='line_1_12' title="bbox 413 1315 1096 1393; baseline -0.004 -18"><span class='ocrx_word' id='word_1_63' title='bbox 413 1319 542 1377; x_wconf 84' lang='lat' dir='ltr'>omniurn</span> <span class='ocrx_word' id='word_1_64' title='bbox 556 1334 654 1376; x_wconf 88' lang='lat' dir='ltr'>natura</span> <span class='ocrx_word' id='word_1_65' title='bbox 664 1315 779 1393; x_wconf 91' lang='lat' dir='ltr'>ponitur</span> <span class='ocrx_word' id='word_1_66' title='bbox 789 1332 799 1382; x_wconf 90' lang='lat'>·,</span> <span class='ocrx_word' id='word_1_67' title='bbox 811 1331 882 1392; x_wconf 22' lang='lat' dir='ltr'>*quae</span> <span class='ocrx_word' id='word_1_68' title='bbox 897 1315 1038 1392; x_wconf 88' lang='lat' dir='ltr'>quoniam</span> <span class='ocrx_word' id='word_1_69' title='bbox 1052 1331 1096 1372; x_wconf 80' lang='lat' dir='ltr'>ta·</span> 
     </span>
     <span class='ocr_line' id='line_1_13' title="bbox 413 1391 1096 1474; baseline -0.003 -20"><span class='ocrx_word' id='word_1_70' title='bbox 413 1396 446 1455; x_wconf 92' lang='lat' dir='ltr'>lis</span> <span class='ocrx_word' id='word_1_71' title='bbox 462 1393 522 1468; x_wconf 87' lang='lat' dir='ltr'>est,</span> <span class='ocrx_word' id='word_1_72' title='bbox 542 1412 572 1454; x_wconf 94' lang='lat' dir='ltr'>ut</span> <span class='ocrx_word' id='word_1_73' title='bbox 588 1397 682 1474; x_wconf 85' lang='lat' dir='ltr'>praesit</span> <span class='ocrx_word' id='word_1_74' title='bbox 698 1392 857 1464; x_wconf 85' lang='lat' dir='ltr'>omnibus,</span> <span class='ocrx_word' id='word_1_75' title='bbox 885 1391 917 1451; x_wconf 90' lang='lat'>&amp;</span> <span class='ocrx_word' id='word_1_76' title='bbox 934 1411 1002 1451; x_wconf 87' lang='lat' dir='ltr'>earn</span> <span class='ocrx_word' id='word_1_77' title='bbox 1020 1394 1096 1452; x_wconf 83' lang='lat' dir='ltr'>nulla</span> 
     </span>
     <span class='ocr_line' id='line_1_14' title="bbox 412 1468 1097 1553; baseline -0.003 -21"><span class='ocrx_word' id='word_1_78' title='bbox 412 1494 457 1532; x_wconf 92' lang='lat' dir='ltr'>res</span> <span class='ocrx_word' id='word_1_79' title='bbox 476 1477 567 1553; x_wconf 83' lang='lat' dir='ltr'><strong>possit</strong></span> <span class='ocrx_word' id='word_1_80' title='bbox 590 1472 752 1552; x_wconf 86' lang='lat' dir='ltr'>impedire,</span> <span class='ocrx_word' id='word_1_81' title='bbox 771 1468 883 1531; x_wconf 79' lang='lat' dir='ltr'>neceffe</span> <span class='ocrx_word' id='word_1_82' title='bbox 900 1469 967 1544; x_wconf 88' lang='lat' dir='ltr'>est,</span> <span class='ocrx_word' id='word_1_83' title='bbox 988 1473 1097 1532; x_wconf 86' lang='lat' dir='ltr'>intelli-</span> 
     </span>
    </p>

    <p class='ocr_par' dir='ltr' id='par_1_4' title="bbox 412 1550 1097 2030">
     <span class='ocr_line' id='line_1_15' title="bbox 434 1550 1096 1630; baseline 0.002 -20"><span class='ocrx_word' id='word_1_84' title='bbox 434 1568 532 1611; x_wconf 87' lang='lat' dir='ltr'>entem</span> <span class='ocrx_word' id='word_1_85' title='bbox 554 1550 610 1612; x_wconf 86' lang='lat' dir='ltr'>esse</span> <span class='ocrx_word' id='word_1_86' title='bbox 634 1552 796 1621; x_wconf 87' lang='lat' dir='ltr'>mundum,</span> <span class='ocrx_word' id='word_1_87' title='bbox 818 1550 850 1608; x_wconf 78' lang='grc' dir='ltr'>δι</span> <span class='ocrx_word' id='word_1_88' title='bbox 871 1551 992 1630; x_wconf 89' lang='lat' dir='ltr'>quidem</span> <span class='ocrx_word' id='word_1_89' title='bbox 1010 1554 1096 1611; x_wconf 83' lang='lat' dir='ltr'>etiarn</span> 
     </span>
     <span class='ocr_line' id='line_1_16' title="bbox 412 1572 1096 1712; baseline 0 -21"><span class='ocrx_word' id='word_1_90' title='bbox 412 1572 582 1711; x_wconf 57' lang='lat' dir='ltr'>{amentem</span> <span class='ocrx_word' id='word_1_91' title='bbox 597 1631 679 1712; x_wconf 84' lang='lat' dir='ltr'><strong>Quid</strong></span> <span class='ocrx_word' id='word_1_92' title='bbox 690 1649 787 1690; x_wconf 88' lang='lat' dir='ltr'>aurern</span> <span class='ocrx_word' id='word_1_93' title='bbox 802 1628 842 1690; x_wconf 87' lang='lat' dir='ltr'>est</span> <span class='ocrx_word' id='word_1_94' title='bbox 856 1629 998 1704; x_wconf 86' lang='lat' dir='ltr'>inscitius,</span> <span class='ocrx_word' id='word_1_95' title='bbox 1012 1631 1096 1712; x_wconf 73' lang='lat' dir='ltr'>quim</span> 
     </span>
     <span class='ocr_line' id='line_1_17' title="bbox 413 1712 1096 1793; baseline -0.001 -21"><span class='ocrx_word' id='word_1_96' title='bbox 413 1731 479 1772; x_wconf 88' lang='lat' dir='ltr'>earn</span> <span class='ocrx_word' id='word_1_97' title='bbox 493 1729 643 1785; x_wconf 85' lang='lat' dir='ltr'>naturam,</span> <span class='ocrx_word' id='word_1_98' title='bbox 662 1733 726 1793; x_wconf 87' lang='lat' dir='ltr'>quae</span> <span class='ocrx_word' id='word_1_99' title='bbox 742 1729 845 1770; x_wconf 87' lang='lat' dir='ltr'>omnes</span> <span class='ocrx_word' id='word_1_100' title='bbox 855 1729 901 1770; x_wconf 88' lang='lat' dir='ltr'>res</span> <span class='ocrx_word' id='word_1_101' title='bbox 918 1713 954 1769; x_wconf 86' lang='lat' dir='ltr'>sit</span> <span class='ocrx_word' id='word_1_102' title='bbox 966 1712 1096 1791; x_wconf 84' lang='lat' dir='ltr'>comple·</span> 
     </span>
     <span class='ocr_line' id='line_1_18' title="bbox 414 1791 1097 1873; baseline -0.001 -22"><span class='ocrx_word' id='word_1_103' title='bbox 414 1813 477 1865; x_wconf 86' lang='lat' dir='ltr'>xa,</span> <span class='ocrx_word' id='word_1_104' title='bbox 500 1813 561 1853; x_wconf 90' lang='lat' dir='ltr'>non</span> <span class='ocrx_word' id='word_1_105' title='bbox 584 1794 724 1873; x_wconf 84' lang='lat' dir='ltr'>optimam</span> <span class='ocrx_word' id='word_1_106' title='bbox 746 1791 801 1849; x_wconf 89' lang='lat' dir='ltr'>dici</span> <span class='ocrx_word' id='word_1_107' title='bbox 818 1810 828 1862; x_wconf 91' lang='lat'>;</span> <span class='ocrx_word' id='word_1_108' title='bbox 848 1805 896 1871; x_wconf 84' lang='lat' dir='ltr'>¹aut</span> <span class='ocrx_word' id='word_1_109' title='bbox 916 1833 927 1862; x_wconf 88' lang='lat'><strong>‚</strong></span> <span class='ocrx_word' id='word_1_110' title='bbox 951 1810 1044 1868; x_wconf 88' lang='lat' dir='ltr'>quum</span> <span class='ocrx_word' id='word_1_111' title='bbox 1064 1793 1097 1850; x_wconf 88' lang='lat' dir='ltr'>sit</span> 
     </span>
     <span class='ocr_line' id='line_1_19' title="bbox 415 1868 1096 1952; baseline 0 -22"><span class='ocrx_word' id='word_1_112' title='bbox 415 1873 557 1952; x_wconf 89' lang='lat' dir='ltr'>optima,</span> <span class='ocrx_word' id='word_1_113' title='bbox 584 1891 645 1932; x_wconf 90' lang='lat' dir='ltr'>non</span> <span class='ocrx_word' id='word_1_114' title='bbox 668 1873 792 1952; x_wconf 81' lang='lat' dir='ltr'>primum</span> <span class='ocrx_word' id='word_1_115' title='bbox 818 1871 997 1930; x_wconf 85' lang='lat' dir='ltr'>animantem</span> <span class='ocrx_word' id='word_1_116' title='bbox 1021 1868 1096 1943; x_wconf 78' lang='lat' dir='ltr'>esse,</span> 
     </span>
     <span class='ocr_line' id='line_1_20' title="bbox 416 1948 1097 2030; baseline -0.001 -20"><span class='ocrx_word' id='word_1_117' title='bbox 416 1951 520 2011; x_wconf 88' lang='lat' dir='ltr'>deinde</span> <span class='ocrx_word' id='word_1_118' title='bbox 535 1952 691 2012; x_wconf 86' lang='lat' dir='ltr'>rationis&amp;</span> <span class='ocrx_word' id='word_1_119' title='bbox 701 1949 812 2009; x_wconf 85' lang='lat' dir='ltr'>consilii</span> <span class='ocrx_word' id='word_1_120' title='bbox 825 1965 1020 2028; x_wconf 82' lang='lat' dir='ltr'>compotem,</span> <span class='ocrx_word' id='word_1_121' title='bbox 1035 1948 1097 2030; x_wconf 85' lang='lat' dir='ltr'>pos·</span> 
     </span>
    </p>
   </div>
   <div class='ocr_carea' id='block_1_3' title="bbox 412 2028 1098 2482">
    <p class='ocr_par' dir='ltr' id='par_1_5' title="bbox 412 2028 1098 2482">
     <span class='ocr_line' id='line_1_21' title="bbox 413 2028 1096 2109; baseline 0.003 -20"><span class='ocrx_word' id='word_1_122' title='bbox 413 2032 508 2089; x_wconf 77' lang='lat' dir='ltr'>tremb</span> <span class='ocrx_word' id='word_1_123' title='bbox 526 2029 707 2109; x_wconf 78' lang='lat' dir='ltr'>sapientem?</span> <span class='ocrx_word' id='word_1_124' title='bbox 729 2028 791 2106; x_wconf 86' lang='lat' dir='ltr'>Qui</span> <span class='ocrx_word' id='word_1_125' title='bbox 809 2029 885 2085; x_wconf 89' lang='lat' dir='ltr'>enim</span> <span class='ocrx_word' id='word_1_126' title='bbox 904 2028 1003 2106; x_wconf 74' lang='lat' dir='ltr'>potest</span> <span class='ocrx_word' id='word_1_127' title='bbox 1019 2031 1096 2091; x_wconf 81' lang='lat' dir='ltr'>aliter</span> 
     </span>
     <span class='ocr_line' id='line_1_22' title="bbox 416 2106 1097 2187; baseline 0.003 -20"><span class='ocrx_word' id='word_1_128' title='bbox 416 2106 473 2167; x_wconf 82' lang='lat' dir='ltr'>effe</span> <span class='ocrx_word' id='word_1_129' title='bbox 489 2108 621 2186; x_wconf 85' lang='lat' dir='ltr'>optima?</span> <span class='ocrx_word' id='word_1_130' title='bbox 641 2107 850 2186; x_wconf 87' lang='lat' dir='ltr'>nequeenim,</span> <span class='ocrx_word' id='word_1_131' title='bbox 871 2108 894 2163; x_wconf 86' lang='lat' dir='ltr'>si</span> <span class='ocrx_word' id='word_1_132' title='bbox 912 2107 1044 2187; x_wconf 85' lang='lat' dir='ltr'>stirpium</span> <span class='ocrx_word' id='word_1_133' title='bbox 1061 2112 1097 2169; x_wconf 86' lang='lat' dir='ltr'>si·</span> 
     </span>
     <span class='ocr_line' id='line_1_23' title="bbox 414 2181 1097 2270; baseline 0.001 -26"><span class='ocrx_word' id='word_1_134' title='bbox 414 2186 487 2244; x_wconf 90' lang='lat' dir='ltr'>milis</span> <span class='ocrx_word' id='word_1_135' title='bbox 512 2188 577 2258; x_wconf 89' lang='lat' dir='ltr'>sit,</span> <span class='ocrx_word' id='word_1_136' title='bbox 606 2188 760 2245; x_wconf 87' lang='lat' dir='ltr'>autetiam</span> <span class='ocrx_word' id='word_1_137' title='bbox 783 2181 964 2258; x_wconf 86' lang='lat' dir='ltr'>bestiarum,</span> <span class='ocrx_word' id='word_1_138' title='bbox 990 2192 1097 2270; x_wconf 83' lang='lat' dir='ltr'>optima</span> 
     </span>
     <span class='ocr_line' id='line_1_24' title="bbox 415 2263 1098 2345; baseline 0.013 -23"><span class='ocrx_word' id='word_1_139' title='bbox 415 2263 542 2343; x_wconf 85' lang='lat' dir='ltr'>putanda</span> <span class='ocrx_word' id='word_1_140' title='bbox 558 2266 593 2324; x_wconf 87' lang='lat' dir='ltr'>sit</span> <span class='ocrx_word' id='word_1_141' title='bbox 611 2265 727 2345; x_wconf 81' lang='lat' dir='ltr'>potius,</span> <span class='ocrx_word' id='word_1_142' title='bbox 740 2263 826 2343; x_wconf 75' lang='lat' dir='ltr'>quim</span> <span class='ocrx_word' id='word_1_143' title='bbox 846 2263 1026 2329; x_wconf 84' lang='lat' dir='ltr'>deterrima:</span> <span class='ocrx_word' id='word_1_144' title='bbox 1046 2289 1098 2330; x_wconf 87' lang='lat' dir='ltr'>nec</span> 
     </span>
     <span class='ocr_line' id='line_1_25' title="bbox 412 2345 1098 2482; baseline 0.009 -79"><span class='ocrx_word' id='word_1_145' title='bbox 412 2345 503 2415; x_wconf 82' lang='lat' dir='ltr'>verb,</span> <span class='ocrx_word' id='word_1_146' title='bbox 529 2346 551 2403; x_wconf 84' lang='lat' dir='ltr'>si</span> <span class='ocrx_word' id='word_1_147' title='bbox 563 2345 679 2404; x_wconf 88' lang='lat' dir='ltr'>rationis</span> <span class='ocrx_word' id='word_1_148' title='bbox 687 2346 837 2482; x_wconf 77' lang='lat' dir='ltr'>particeps</span> <span class='ocrx_word' id='word_1_149' title='bbox 850 2347 903 2418; x_wconf 87' lang='lat' dir='ltr'>sit,</span> <span class='ocrx_word' id='word_1_150' title='bbox 925 2368 980 2407; x_wconf 88' lang='lat' dir='ltr'>nec</span> <span class='ocrx_word' id='word_1_151' title='bbox 997 2351 1035 2408; x_wconf 87' lang='lat' dir='ltr'>sir</span> <span class='ocrx_word' id='word_1_152' title='bbox 1055 2367 1098 2409; x_wconf 85' lang='lat' dir='ltr'>ta-</span> 
     </span>
    </p>
   </div>
   <div class='ocr_carea' id='block_1_4' title="bbox 407 2426 1099 2901">
    <p class='ocr_par' dir='ltr' id='par_1_6' title="bbox 407 2426 1099 2901">
     <span class='ocr_line' id='line_1_26' title="bbox 414 2426 1097 2505; baseline 0.006 -22"><span class='ocrx_word' id='word_1_153' title='bbox 414 2443 483 2483; x_wconf 89' lang='lat' dir='ltr'>men</span> <span class='ocrx_word' id='word_1_154' title='bbox 502 2426 673 2505; x_wconf 90' lang='lat' dir='ltr'>aprincipio</span> <span class='ocrx_word' id='word_1_155' title='bbox 699 2426 816 2504; x_wconf 85' lang='lat' dir='ltr'>apiens‚</span> <span class='ocrx_word' id='word_1_156' title='bbox 838 2428 948 2485; x_wconf 84' lang='lat' dir='ltr'>nonsit</span> <span class='ocrx_word' id='word_1_157' title='bbox 971 2427 1097 2489; x_wconf 84' lang='lat' dir='ltr'>deterior</span> 
     </span>
     <span class='ocr_line' id='line_1_27' title="bbox 414 2503 1098 2584; baseline 0.009 -22"><span class='ocrx_word' id='word_1_158' title='bbox 414 2503 514 2562; x_wconf 90' lang='lat' dir='ltr'>mundi</span> <span class='ocrx_word' id='word_1_159' title='bbox 525 2508 638 2584; x_wconf 78' lang='lat' dir='ltr'>potius,</span> <span class='ocrx_word' id='word_1_160' title='bbox 650 2503 737 2584; x_wconf 72' lang='lat' dir='ltr'>quim</span> <span class='ocrx_word' id='word_1_161' title='bbox 746 2504 868 2563; x_wconf 87' lang='lat' dir='ltr'>humana</span> <span class='ocrx_word' id='word_1_162' title='bbox 881 2508 1012 2567; x_wconf 90' lang='lat' dir='ltr'>condirio</span> <span class='ocrx_word' id='word_1_163' title='bbox 1024 2529 1032 2566; x_wconf 72' lang='grc' dir='ltr'>ι</span> <span class='ocrx_word' id='word_1_164' title='bbox 1046 2508 1098 2567; x_wconf 93' lang='lat' dir='ltr'>ho·</span> 
     </span>
     <span class='ocr_line' id='line_1_28' title="bbox 414 2583 1097 2665; baseline 0.007 -23"><span class='ocrx_word' id='word_1_165' title='bbox 414 2587 558 2642; x_wconf 89' lang='lat' dir='ltr'>mo.enim</span> <span class='ocrx_word' id='word_1_166' title='bbox 572 2584 683 2663; x_wconf 90' lang='lat' dir='ltr'>sapiens</span> <span class='ocrx_word' id='word_1_167' title='bbox 695 2583 756 2644; x_wconf 86' lang='lat' dir='ltr'>fieri</span> <span class='ocrx_word' id='word_1_168' title='bbox 774 2583 868 2665; x_wconf 88' lang='lat' dir='ltr'>potest</span> <span class='ocrx_word' id='word_1_169' title='bbox 879 2606 888 2657; x_wconf 82' lang='lat'>3</span> <span class='ocrx_word' id='word_1_170' title='bbox 907 2586 1034 2646; x_wconf 86' lang='lat' dir='ltr'>mundus</span> <span class='ocrx_word' id='word_1_171' title='bbox 1046 2609 1097 2647; x_wconf 88' lang='lat' dir='ltr'>au·</span> 
     </span>
     <span class='ocr_line' id='line_1_29' title="bbox 415 2664 1098 2746; baseline 0.006 -23"><span class='ocrx_word' id='word_1_172' title='bbox 415 2680 497 2734; x_wconf 83' lang='lat' dir='ltr'>tem,</span> <span class='ocrx_word' id='word_1_173' title='bbox 512 2664 534 2720; x_wconf 81' lang='lat' dir='ltr'>si</span> <span class='ocrx_word' id='word_1_174' title='bbox 549 2665 577 2721; x_wconf 93' lang='lat' dir='ltr'>in</span> <span class='ocrx_word' id='word_1_175' title='bbox 588 2682 698 2723; x_wconf 79' lang='lat' dir='ltr'>aeterno</span> <span class='ocrx_word' id='word_1_176' title='bbox 711 2666 844 2742; x_wconf 65' lang='lat' dir='ltr'>praeteriti</span> <span class='ocrx_word' id='word_1_177' title='bbox 855 2668 996 2744; x_wconf 86' lang='lat' dir='ltr'>temporis</span> <span class='ocrx_word' id='word_1_178' title='bbox 1008 2665 1098 2746; x_wconf 84' lang='lat' dir='ltr'>spatio</span> 
     </span>
     <span class='ocr_line' id='line_1_30' title="bbox 407 2742 1099 2826; baseline 0.004 -22"><span class='ocrx_word' id='word_1_179' title='bbox 407 2742 468 2804; x_wconf 78' lang='lat' dir='ltr'>,suit</span> <span class='ocrx_word' id='word_1_180' title='bbox 485 2744 640 2821; x_wconf 85' lang='lat' dir='ltr'>insipiens,</span> <span class='ocrx_word' id='word_1_181' title='bbox 660 2764 815 2822; x_wconf 89' lang='lat' dir='ltr'>numquam</span> <span class='ocrx_word' id='word_1_182' title='bbox 831 2744 965 2822; x_wconf 63' lang='lat' dir='ltr'>profecib</span> <span class='ocrx_word' id='word_1_183' title='bbox 986 2743 1099 2826; x_wconf 87' lang='lat' dir='ltr'>sapien·</span> 
     </span>
     <span class='ocr_line' id='line_1_31' title="bbox 414 2820 1098 2901; baseline 0.004 -18"><span class='ocrx_word' id='word_1_184' title='bbox 414 2825 484 2883; x_wconf 88' lang='lat' dir='ltr'>riam</span> <span class='ocrx_word' id='word_1_185' title='bbox 502 2820 709 2901; x_wconf 82' lang='lat' dir='ltr'>consequetur:</span> <span class='ocrx_word' id='word_1_186' title='bbox 733 2825 772 2880; x_wconf 87' lang='lat' dir='ltr'>ita</span> <span class='ocrx_word' id='word_1_187' title='bbox 798 2826 851 2881; x_wconf 83' lang='lat' dir='ltr'>erit</span> <span class='ocrx_word' id='word_1_188' title='bbox 873 2825 994 2886; x_wconf 90' lang='lat' dir='ltr'>homine</span> <span class='ocrx_word' id='word_1_189' title='bbox 1016 2827 1098 2886; x_wconf 88' lang='lat' dir='ltr'>dere·</span> 
     </span>
    </p>
   </div>
   <div class='ocr_carea' id='block_1_5' title="bbox 414 2900 1098 3066">
    <p class='ocr_par' dir='ltr' id='par_1_7' title="bbox 414 2900 1098 3066">
     <span class='ocr_line' id='line_1_32' title="bbox 414 2900 1098 2985; baseline 0.004 -23"><span class='ocrx_word' id='word_1_190' title='bbox 414 2903 484 2964; x_wconf 83' lang='lat' dir='ltr'>rior.</span> <span class='ocrx_word' id='word_1_191' title='bbox 504 2900 597 2984; x_wconf 85' lang='lat' dir='ltr'>Quod</span> <span class='ocrx_word' id='word_1_192' title='bbox 611 2904 749 2985; x_wconf 87' lang='lat' dir='ltr'>quoniam</span> <span class='ocrx_word' id='word_1_193' title='bbox 767 2901 917 2965; x_wconf 86' lang='lat' dir='ltr'>absurdum</span> <span class='ocrx_word' id='word_1_194' title='bbox 930 2904 993 2979; x_wconf 90' lang='lat' dir='ltr'>est,</span> <span class='ocrx_word' id='word_1_195' title='bbox 1013 2906 1044 2964; x_wconf 89' lang='lat'>&amp;</span> <span class='ocrx_word' id='word_1_196' title='bbox 1059 2905 1098 2966; x_wconf 85' lang='lat' dir='ltr'>sa·</span> 
     </span>
     <span class='ocr_line' id='line_1_33' title="bbox 1013 3004 1095 3066; baseline 0 -21"><span class='ocrx_word' id='word_1_197' title='bbox 1013 3004 1095 3066; x_wconf 85' lang='lat' dir='ltr'>prens</span> 
     </span>
    </p>
   </div>
   <div class='ocr_carea' id='block_1_6' title="bbox 0 0 1363 4017">
    <p class='ocr_par' dir='ltr' id='par_1_8' title="bbox 0 0 1363 4017">
     <span class='ocr_line' id='line_1_34' title="bbox 0 0 1363 4017; baseline 0 0"><span class='ocrx_word' id='word_1_198' title='bbox 0 0 1363 4017; x_wconf 95' lang='lat' dir='ltr'> </span> 
     </span>
    </p>
   </div>
  </div>
 </body>
</html>
