2709 4017
366 433 419 529 52
491 429 921 504 AcAnnttrconurt

370 588 386 599 ..
406 543 543 607 XXIII.
562 546 622 607 Sed
644 569 709 607 cum
728 548 785 607 hoc
797 547 854 607 alio
868 547 1051 628 locopiurat

363 646 442 687 nunc
465 627 503 685 ad
522 646 584 700 ea,
606 649 668 709 quae
687 650 704 687 a
725 646 780 701 te,
803 627 946 701 Luculle,
971 630 1048 706 ditia

363 705 438 766 sunt.
461 705 498 766 Et
519 708 740 789 primumquod
762 710 844 767 initio
863 707 980 784 dixisti,
1003 714 1051 771 ui·

362 786 484 847 deamus
494 788 579 869 quale
596 791 647 848 site
659 789 787 848 similiter
798 789 909 848 anobis
923 789 960 848 de
978 793 1051 850 anti-

362 869 429 948 quis
438 868 617 950 philosophis
629 873 870 941 commemorari,
882 886 968 949 atque
979 869 1053 945 sedi·

364 949 433 1009 tiosi
452 947 577 1010 solerent
594 950 686 1009 ciaros
703 951 781 1018 viros
792 995 802 1023 ,
813 948 863 1010 fed
879 968 977 1010 tamen
995 972 1051 1031 po·

365 1029 481 1111 pulares
506 1031 617 1112 sliquos
641 1033 802 1091 nominare.
821 1029 866 1089 Illi
892 1051 979 1110 quum
1003 1050 1050 1091 res

365 1129 428 1171 non
444 1110 537 1170 bonas
553 1108 694 1186 tradent,
714 1111 821 1171 similes
836 1111 985 1170 bonorum
1003 1115 1067 1170 vivi

366 1189 431 1251 den·
448 1193 570 1252 volunt:
591 1213 646 1252 nos
662 1188 761 1252 tutem
777 1192 897 1251 dicimus
912 1226 922 1264 ·‚
939 1211 973 1250 ea
993 1212 1050 1251 no·

364 1270 412 1331 bis
439 1271 558 1345 videri,
581 1270 645 1354 q'uae
671 1271 840 1352 vosmetipsi
865 1271 1049 1332 nobilissimis

364 1350 545 1432 philosophis
557 1347 693 1433 piacuiffe
711 1353 878 1426 conceditis.
889 1350 1050 1432 Anaxago,

364 1451 412 1490 ras
433 1435 531 1492 nivem
551 1435 662 1514 nigram
678 1432 750 1490 dixit
768 1430 844 1492 effe:
862 1430 950 1492 ferres
970 1453 1019 1491 me
1039 1477 1049 1506 ,

364 1512 390 1570 si
409 1531 467 1593 ego
484 1512 564 1571 idem
586 1511 734 1572 dicerem?
756 1528 811 1586 tu,
834 1514 912 1572 nesi
932 1512 1050 1572 dubitass

365 1610 430 1651 rem
449 1591 578 1674 quidem.
601 1591 643 1651 At
663 1595 725 1674 quis
748 1590 789 1651 est
812 1589 887 1651 hic?
911 1613 980 1652 num
1000 1592 1049 1652 soa

365 1671 495 1752 phistes?
518 1675 558 1732 sic
580 1674 658 1733 enim
674 1672 856 1753 appellantur
868 1673 907 1746 ii,
931 1675 979 1752 qui
996 1693 1050 1732 ost·

364 1754 535 1814 tentationis
568 1771 616 1814 aut
632 1751 768 1835 ‘quaestits
801 1752 885 1812 causi
915 1751 1049 1831 philoso-

365 1833 512 1914 phantur:
531 1834 657 1919 inanimi
672 1834 727 1918 fuit
745 1833 778 1894 δι
794 1834 942 1923 grauitatis
960 1833 992 1893 ὃ(
1008 1836 1051 1903 in·

245 1919 248 1923 ’
364 1918 442 2000 genii
460 1916 551 1996 giorid

406 2012 458 2071 73.
479 1992 562 2071 Quid
575 1994 678 2072 ioquar
693 1993 730 2053 de
746 1989 943 2051 Democrito?
960 2012 1049 2070 quem

364 2092 433 2133 cum
452 2091 490 2131 eo
503 2069 636 2131 conferre
657 2069 803 2152 poffumus
820 2089 880 2128 non
897 2071 989 2128 modi>
1003 2074 1050 2130 in·
1124 2119 1126 2125 Α

364 2151 678 2288 geniimapnitudine,
697 2151 747 2211 fed
767 2151 853 2208 etiam
871 2149 982 2242 animii
999 2155 1048 2231 qui

362 2247 406 2291 tta
424 2233 459 2289 sit
470 2251 504 2288 au
518 2252 549 2289 us
565 2229 675 2301 ordiri,
693 2235 761 2291 Hac
778 2231 873 2308 loquor
883 2232 916 2286 de
934 2252 1047 2289 univer-

365 2313 408 2371 sis
417 2310 508 2381 :nihii
529 2312 652 2391 excipit,
667 2311 706 2372 de
719 2332 778 2392 quo
790 2331 849 2369 non
861 2307 1046 2388 profiteatur:

364 2389 436 2472 quid
455 2395 533 2450 enim
544 2390 599 2452 effe
610 2387 705 2472 potest
722 2408 800 2452 extra
819 2390 971 2451 universa?
985 2396 1047 2473 quis

364 2471 443 2532 hunc
483 2472 665 2553 hilosophum
684 2494 744 2533 non
762 2473 911 2551 anteponit
935 2471 1048 2533 Clean-

306 2585 308 2589 ·
365 2553 410 2614 thi
421 2598 445 2623 ,.
468 2554 613 2638 ‘hrysippo
624 2552 824 2635 ‚reliquisque
842 2550 983 2612 inferioris
1003 2576 1047 2613 ae-

364 2636 431 2694 tutis
452 2633 463 2692 ὲ
488 2637 535 2714 qui
560 2635 631 2695 mihi
649 2655 714 2692 cum
738 2635 789 2693 illo
816 2633 915 2692 conati
941 2636 1048 2712 quintet

364 2714 462 2773 classis
482 2716 626 2774 videntur.
643 2711 742 2794 Atque
757 2717 781 2771 is
796 2727 861 2772 'non
880 2711 935 2770 hoc
956 2714 1046 2789 dicit,

365 2794 448 2873 quod
465 2815 539 2855 nos.
555 2797 603 2875 qui
618 2795 682 2853 veri
696 2791 752 2852 eise
767 2791 872 2870 aliquid
887 2812 947 2851 non
964 2815 1048 2876 nega·

362 2892 451 2945 ntus,
470 2877 581 2956 percipi
596 2872 677 2955 posse
700 2893 856 2956 negamus:
874 2873 923 2933 ille
942 2881 1045 2934 verum

362 2950 420 3039 effe
431 2953 518 3042 plane
527 2971 625 3041 negat.
644 2951 710 3016 Effe
718 2952 811 3038 sensus
828 2952 946 3038 quidem
960 2953 1045 3029 dicit,
