2709 4017
335 510 375 586 ³8
446 514 924 591 Acnoarrrcorwrr

348 628 475 702 damus,
503 632 673 690 necessitate
698 630 756 689 ulla
781 631 920 710 cogimur.
950 628 1030 692 Nam

334 710 444 777 ¹ceteri
468 711 591 789 primum
619 711 686 769 ante
711 727 845 769 tenentur
876 710 1029 785 admitti,

347 786 456 868 quim,
476 789 545 870 quid
562 787 630 859 esset
650 792 813 871 optimum,
830 787 955 866 judicare
971 812 1029 870 po·

347 882 489 928 ruerunt:
512 868 634 928 'deinde
667 867 860 930 infirmissimo
892 885 1029 951 tempore

346 950 438 1006 aetatis
463 966 511 1007 aut
541 948 672 1008 obsecuti
696 951 791 1009 amico
818 948 950 1020 cuidam,
979 966 1029 1022 aut

345 1028 405 1086 und
423 1025 559 1106 alicujus,
588 1049 676 1110 quem
702 1032 826 1109 primum
847 1028 1028 1103 audierunt,

345 1110 478 1168 oratione
497 1111 595 1188 capti,
618 1109 656 1168 de
676 1110 762 1168 rebus
780 1109 931 1189 incognitis
948 1106 1029 1184 judi-

345 1205 435 1261 cant,
455 1189 513 1261 &‚
533 1189 570 1259 ad
591 1207 802 1269 quamcumque
821 1186 884 1260 sunt
902 1184 1027 1266 discipli-

335 1287 416 1336 „uam
441 1270 521 1347 quasi
539 1266 709 1349 tempestate
733 1267 842 1339 delati,
871 1266 908 1325 ad
930 1286 994 1326 eam
1017 1312 1027 1342 ,

346 1362 497 1428 tamquam
516 1348 553 1407 ad
569 1349 687 1422 saxum,
704 1346 906 1408 adhaerescunt.

387 1446 417 1505 9.
441 1428 542 1499 Nam,
572 1429 650 1508 quod
675 1428 772 1486 dicunt
796 1428 894 1485 omnia
912 1423 940 1484 se
961 1445 1028 1486 cre·

346 1505 418 1566 dere
434 1509 483 1578 ei,
502 1526 589 1585 quem
610 1506 737 1581 judicent
753 1503 833 1564 fuiffe
847 1506 1026 1585 sapientem3

332 1586 523 1673 probarem,
537 1648 539 1652 ¹
551 1587 574 1642 si
595 1583 625 1642 id
644 1583 734 1662 ipsum
754 1583 838 1642 rudes
863 1587 894 1642 &
919 1585 1028 1644 indoni

344 1664 474 1744 judicare
504 1659 682 1742 potuissent:
711 1660 832 1734 statuere
858 1665 956 1737 enim,
1000 1666 1028 1725 ui

328 1745 382 1817 ,sit
405 1742 537 1822 sapiens,
551 1742 607 1811 'vel
631 1741 754 1801 maxime
770 1741 885 1800 videtur
904 1741 960 1802 effe
978 1686 998 1802 i

345 1824 461 1903 pientis.
474 1820 551 1894 Sed,
566 1839 596 1880 ut
614 1823 776 1901 potuerint:
795 1820 929 1880 omnibus
941 1824 1029 1884 rebus

331 1903 479 1975 audiris,
508 1903 632 1984 cognitis
652 1903 740 1962 etiam
762 1901 938 1981 reliquorum
960 1901 1028 1965 sen·

330 1986 443 2044 ¹tentiis
460 1981 680 2059 judicaverunt3
695 1998 751 2052 an,
766 2001 797 2041 re
811 1979 899 2041 semel
909 1981 1027 2060 audita,

329 2064 384 2125 ‚ad
394 2064 477 2123 ufiius
493 2059 521 2120 se
536 2061 734 2120 audioritatem
750 2060 929 2121 contulerunt
941 2061 953 2121 ἓ
966 2061 1026 2136 Sed

342 2143 442 2203 nescio
457 2161 516 2220 quo
534 2141 625 2199 modo
643 2139 772 2221 plerique
789 2160 882 2201 errare
899 2141 1025 2218 malunt,

341 2240 465 2301 eamque
483 2218 673 2292 sententiam,
694 2242 779 2302 quam
795 2220 1023 2297 adamaverunt,

340 2299 550 2384 pugnacissime
572 2299 748 2374 defendere,
769 2300 853 2381 quim
869 2303 930 2362 sine
948 2322 1025 2382 per·

341 2383 468 2451 tinacia,
508 2379 556 2437 uid
578 2381 802 2441 constantissime
822 2381 951 2454 dicatur,
971 2402 1026 2441 ex-

342 2463 466 2542 quirere.
488 2399 607 2538 {uibus
632 2459 668 2522 de
695 2461 779 2522 rebus
806 2461 837 2520 &
862 2462 930 2520 aliis
948 2462 1024 2542 saepe

341 2541 429 2602 nobis
455 2540 545 2599 multa
572 2544 690 2621 quaesita
713 2539 908 2619 &disputata
932 2540 1024 2614 sunt,

342 2621 376 2683 &
421 2620 548 2679 nondam
568 2623 597 2687 in
622 2620 770 2681 Hortensii
790 2620 880 2694 villa,
927 2642 968 2680 uae
983 2621 1025 2693 est

329 2702 380 2781 'ad
434 2701 535 2775 auios,
558 2722 645 2783 quum
663 2702 702 2762 eb
720 2698 838 2760 Catulus
857 2700 888 2758 ὃ(
941 2700 1024 2778 ucul-

342 2783 387 2844 lus
402 2780 459 2842 nos
475 2802 511 2841 ue
523 2785 576 2862 ipsi
589 2779 724 2863 postridie
737 2777 925 2853 vendemus,
936 2781 1024 2860 quim

335 2864 423 2944 'apud
453 2804 589 2923 daturum
616 2857 759 2919 fuiffemus
775 2878 791 2943 r:
822 2859 882 2937 quo
903 2860 1023 2938 quidem

342 2947 430 3003 etiam
451 2945 586 3004 maturius
601 2941 760 3011 venimus,
779 2937 858 3016 quod
876 2957 937 2999 erar
951 2962 1023 3001 con·

343 3020 489 3102 stitutum,
502 3026 527 3084 si
539 3015 743 3094 ventuseffet,
759 3014 879 3097 Lueulio
895 3021 925 3097 in
940 3019 1021 3082 Nea-1
1058 3055 1060 3058 >
