2709 4017
424 474 587 548 Linon
612 484 895 541 snconovs.
931 472 1009 564 '433

321 585 491 658 stellarum,
510 604 627 667 quoque
637 602 772 666 ternpore
789 584 883 646 futura
897 586 1011 667 sit:·qui

324 684 444 728 exortus
470 687 588 746 quoque
612 666 658 726 die
680 668 752 747 signi
778 668 895 743 alicujus
918 711 927 738 ‚
958 681 1011 745 aut

322 751 375 829 qni
392 745 509 807 occasus
526 746 636 806 futurus
657 749 712 805 sit':
735 747 795 811 haec
809 748 859 828 qui
876 747 944 805 anri
961 746 1008 806 di·

323 845 414 898 cunt,
435 847 522 908 quam
537 830 680 886 rationem
690 825 864 906 sequantur,
882 826 973 889 vides.

364 903 434 966 Vll.
454 906 517 987 Qui
536 907 696 967 thesaurum
712 907 939 979 inveniendum,
958 923 1008 966 aut

320 986 514 1050 hereditatem
537 1002 690 1047 venturam
716 985 840 1058 dicunt,
874 986 942 1066 quid
964 985 1008 1047 se·

320 1066 470 1149 quuntur?
487 1084 536 1125 aut
553 1070 583 1126 in
602 1087 658 1147 qua
676 1086 773 1126 rerum
789 1082 887 1125 natura
912 1065 1006 1140 inest,

318 1147 352 1208 id
375 1146 524 1208 futurum?
545 1146 640 1224 Qudd
662 1149 686 1205 si
710 1146 799 1219 haec,
826 1165 917 1225 eaque
939 1167 1005 1228 quae

320 1225 386 1287 sunt
399 1226 528 1306 ejusdem
545 1228 677 1308 generis,
699 1226 807 1285 habent
821 1225 945 1306 aliquam
961 1242 1007 1285 ta·

318 1307 381 1369 lem
399 1311 620 1378 necessitatem
638 1305 708 1386 quid
723 1304 763 1365 est
774 1306 911 1379 tandem,
926 1305 1008 1385 quod

320 1387 385 1447 casu
405 1385 488 1460 fieri,
513 1398 562 1445 aut
586 1384 674 1446 Forte
696 1384 822 1444 Fortuni
844 1385 1007 1465 putemus?

319 1467 391 1528 nihil
405 1470 484 1527 enim
501 1464 542 1526 est
563 1483 622 1526 tam
644 1468 820 1526 contrarium
845 1467 949 1525 rationi
971 1465 1004 1525 &

316 1545 506 1619 constantiae,
524 1544 611 1628 quim
625 1544 761 1617 fortuna3
778 1564 809 1605 ut
830 1547 898 1604 mihi
920 1565 958 1606 ne
972 1547 1003 1605 in

318 1629 408 1688 deum
428 1627 546 1718 quidem
568 1625 671 1687 cadere
689 1626 841 1698 videatur,
866 1643 897 1685 ut
915 1624 982 1685 sciat
992 1671 1003 1698 ,

359 1709 387 1766 id
401 1717 464 1766 calu
483 1707 515 1766 &
534 1705 654 1766 fortuiti>
667 1705 793 1765 futurum
810 1709 854 1765 sit.
875 1705 905 1777 Si
924 1708 1003 1766 enim

315 1728 387 1862 icit,
404 1787 482 1847 certe
497 1787 566 1846 iliud
580 1788 715 1847 eveniet:
733 1788 756 1844 si
772 1787 849 1846 certe
866 1789 1003 1857 eveniet,

317 1868 397 1930 nulla
418 1867 534 1929 fortuna
550 1865 605 1926 est:
624 1863 665 1924 est
678 1882 775 1925 autern
797 1864 933 1924 fortuna:
956 1886 1003 1925 re·

317 1970 381 2011 mn
397 1949 483 2030 igitur
499 1945 682 2007 fortuitarum
700 1945 776 2004 nulla
787 1943 937 2024 praesensio
949 1944 1000 2004 est.

322 2070 324 2077 ·
363 2026 409 2108 i9.
431 2029 523 2106 Autflsi
533 2047 621 2109 negas
640 2023 697 2085 effe
713 2024 877 2094 fortunam,
892 2024 923 2082 &
935 2045 1003 2084 orn·

317 2107 384 2183 nia,
407 2128 469 2189 quae
490 2106 588 2182 frunt,
612 2126 732 2187 quaeque
749 2104 841 2164 futura
858 2103 938 2178 sunt,
963 2124 999 2164 ex

316 2191 398 2251 omni
412 2189 567 2248 aeternitate
581 2185 699 2246 definita
708 2186 776 2245 dicis
791 2183 847 2245 effe
859 2184 1000 2256 fataliter3

315 2288 396 2331 muta
415 2266 614 2328 definitionem
632 2267 835 2339 divinationis,
854 2286 941 2346 quarn
954 2265 999 2324 di-

315 2351 402 2410 cebas
423 2347 642 2429 praesensionem
663 2345 720 2408 effe
743 2366 837 2406 rerum
864 2345 1000 2406 fortuita-

315 2446 388 2491 rum.
406 2428 436 2489 Si
457 2433 534 2489 enim
553 2429 623 2487 nihii
644 2425 706 2487 fieri
720 2425 839 2506 potest,
860 2427 932 2486 nihil
948 2447 1001 2486 ac·

315 2508 412 2571 ¹cidere
424 2553 436 2580 ,
450 2508 518 2567 nihil
531 2511 649 2568 evenire
664 2550 674 2577 ,
696 2509 748 2565 nisi
763 2505 842 2586 quod
861 2507 897 2564 ab
915 2507 997 2566 omni

315 2592 472 2651 aternitate
484 2601 595 2648 cerrum
613 2587 697 2647 fuerit
715 2584 772 2647 effe
785 2584 911 2645 futurum
931 2586 996 2648 rato

315 2687 470 2749 tempore3
488 2686 557 2748 quae
573 2666 666 2748 potest
691 2663 747 2726 eiie
766 2665 881 2727 fortuna
901 2665 912 2724 i
938 2666 997 2747 quai

315 2749 443 2821 sublati,
462 2749 513 2827 qui
531 2747 613 2807 locus
631 2745 672 2813 est
687 2745 875 2806 divinationi?
895 2766 957 2826 quae
977 2767 995 2804 a

315 2828 344 2890 ie
360 2826 654 2887 fortuitarum'rerunr
673 2826 714 2903 est
729 2827 803 2887 didia
820 2825 993 2906 praesensio:

354 2927 487 2986 amquam
510 2905 647 2978 dicebas,
664 2909 762 2966 omnia
787 2928 850 2987 quae
872 2903 999 2978 fierent,

345 3006 446 3049 tutave
457 2983 546 3053 essent
561 3030 571 3060 ‚
589 2983 651 3051 fito
666 2989 819 3053 contineri.
834 2985 923 3049 Anile
933 2983 999 3048 sane

356 3073 456 3132 Yomus
475 3068 538 3133 IX.
869 3064 899 3127 T
