2709 4017
348 554 516 624 [rnen
548 545 824 623 are-cunnus}
870 574 946 649 235

253 689 349 750 quum
377 668 418 730 est
447 686 592 744 exortus,
627 669 783 730 obscuratis
811 673 947 749 omnibus

254 752 335 809 solus
359 770 478 830 apparet
500 770 510 824 3
530 751 611 810 Luna
632 773 648 809 a
666 753 780 810 lucendo
799 753 948 810 nominata

255 833 318 903 sit;
346 832 450 890 eadem
475 830 516 891 est
535 834 613 891 enim
634 835 752 891 Lucina.
774 831 894 912 ltaque,
916 848 948 893 ut

256 911 337 990 apud
347 909 468 971 Graecos
480 911 628 984 Dianam,
639 931 763 992 eamque
772 910 949 986 Luciferam,

256 993 300 1050 sic
317 993 393 1071 apud
407 991 522 1052 nostros
537 996 670 1056 Iunonem
690 995 825 1052 Lucinam
843 994 872 1051 in
893 1013 949 1072 pa·

255 1072 362 1131 riendo
375 1074 532 1144 invocant:
548 1093 612 1154 quae
624 1073 728 1132 eadem
739 1071 836 1132 Diana
852 1075 948 1131 omni·
1039 1145 1043 1155 ἱ

254 1172 333 1233 vaga
349 1153 470 1226 dicitur,
488 1173 550 1211 non
566 1175 583 1212 a
598 1156 744 1223 venando,
761 1152 810 1212 sed
827 1151 907 1232 quod
918 1155 947 1212 in

254 1229 370 1312 septem
396 1248 563 1291 numeratur
590 1248 739 1312 tamquam
767 1233 949 1312 vagantibus.

299 1312 352 1390 69.
373 1309 470 1370 Diana
485 1310 578 1382 dista,
597 1315 662 1391 quia
677 1311 763 1371 nediu
776 1313 857 1391 quasi
870 1311 948 1370 diem

251 1389 401 1452 efficeret.
432 1388 598 1450 Adhibetur
627 1407 725 1449 autem
753 1392 790 1450 ad
827 1407 950 1469 partus,

256 1472 341 1553 qudd
360 1473 377 1529 ii
391 1469 585 1531 maturescunt
605 1486 654 1530 aut
670 1470 779 1550 septem
800 1491 950 1530 nonnum-

257 1572 369 1632 quam,
388 1568 436 1611 aut
449 1552 622 1631 plerumque
642 1570 752 1610 novem
771 1551 844 1610 lunae
859 1553 949 1610 cursi-

257 1632 335 1692 bus:
362 1635 411 1712 qui
437 1633 505 1710 quia
528 1629 625 1690 mensa
654 1630 742 1711 spatia
768 1629 947 1706 conficiunt,

258 1712 360 1790 menses
378 1715 572 1772 nominantur.
589 1709 819 1790 Concinndque,
838 1714 949 1773 utmul-

258 1808 289 1851 ta
300 1835 310 1864 ,
321 1791 449 1851 Timaeus
461 1811 470 1863 ;
483 1794 531 1872 qui
544 1812 632 1870 quum
644 1794 672 1849 in
690 1790 804 1849 historia
820 1790 948 1866 dixisset,

281 1872 318 1930 ud
336 1872 421 1932 nodie
442 1889 525 1931 natus
545 1871 715 1931 Alexander
736 1868 824 1942 esset,
842 1871 949 1931 eidem

259 1893 367 2014 ssianae
396 1950 526 2032 Ephesiae
554 1953 697 2031 ternplum
727 1949 950 2031 dessagraviiie,

260 2029 415 2109 adjunxit,
435 2031 542 2092 minim&
561 2034 593 2090 id
609 2031 658 2109 effe
676 2033 850 2102 mirandum,
878 2030 951 2108 quud

262 2115 385 2184 Diana,
405 2133 486 2191 quum
510 2113 539 2171 in
557 2131 642 2192 partu
661 2113 840 2191 Olympiadis
861 2109 966 2187 adcffe'

259 2190 404 2269 uolurffet,
426 2189 550 2271 obfiriffet
565 2195 655 2251 domo.
674 2190 752 2269 Quae
776 2210 873 2250 aurem
891 2191 946 2250 dea

260 2273 299 2332 ad
320 2292 366 2332 res
390 2291 494 2332 omnes
522 2273 661 2345 veniret,
684 2271 833 2331 Venerem
860 2271 949 2331 nossri
1023 2335 1029 2342 ,

260 2354 508 2424 nominaverunt,
536 2370 623 2432 atque
648 2371 683 2410 ex
707 2373 738 2411 ea
769 2353 864 2430 potius
894 2371 948 2414 ve·

259 2431 377 2503 uustas,
437 2431 483 2490 dm
493 2431 596 2492 Venus
611 2451 647 2491 ex
658 2430 817 2491 venustate.

302 2453 446 2572 xxvdl.
467 2511 618 2572 Videtisne
634 2514 743 2592 igitur,
763 2529 793 2570 ut
813 2533 829 2569 a
844 2510 948 2590 physi-

260 2594 302 2654 cis.
314 2593 423 2664 rebus,
442 2593 538 2666 bene,
565 2609 653 2671 atque
674 2591 780 2650 utiliter
801 2593 946 2665 inventis,

260 2673 352 2734 stadia
366 2674 439 2732 ratio
462 2675 497 2733 sit
520 2672 557 2731 ad
577 2673 794 2732 commentitios
814 2672 846 2730 ὃ(
865 2669 948 2730 fidos

261 2751 362 2815 deos?
388 2773 452 2833 quae
476 2772 523 2813 res
543 2747 641 2834 genuit
662 2751 743 2814 salsas
772 2754 947 2832 opiniones,

260 2833 430 2914 erroresque
447 2833 656 2903 turbulentos,
681 2834 711 2892 &
736 2831 950 2912 superstitiones

259 2934 339 2994 pene
349 2914 448 2974 aniles.
460 2912 497 2974 Et
506 2913 608 2973 sormae
619 2916 696 2974 eninr
710 2914 795 2973 nobis
805 2912 925 2971 deorum
936 2950 949 2979 ,

261 2995 294 3056 ὃ(
314 3011 435 3065 aetates,
456 2994 487 3054 δι
510 2992 660 3067 vestitus,
691 2991 863 3072 ornatusque
883 2987 949 3048 noti

259 3075 342 3139 sunt:
363 3093 474 3163 genera
489 3091 649 3154 preterea,
663 3072 818 3158 conjugia,
839 3087 949 3153 cogna-
