2709 4017
393 530 466 623 ¹24
520 528 951 600 Acnnamrconurr

388 649 431 706 'nis
443 645 601 705 adionibus
613 667 726 728 ponens
736 666 745 719 3
756 646 846 726 prave
860 692 870 722 ,
884 647 913 705 id
928 644 968 706 est
978 692 987 720 ‚
999 667 1069 728 pec·

385 741 468 798 eata,
484 729 513 784 in
524 728 604 786 malis
622 724 735 786 :officia
748 743 866 798 autem,
890 726 1042 787 &servata
1055 774 1066 801 ,

383 805 650 887 praetermissaque,
670 805 767 866 media
784 807 904 886 putabat
921 851 931 880 ,
947 823 978 865 ut
995 808 1067 867 dixi.

386 892 393 901 '
428 883 476 962 38.
497 884 656 968 Quumque
680 884 839 966 superiores
864 907 924 944 non
944 906 1066 946 omnem

384 963 521 1025 virtutem
551 970 580 1026 in
606 968 719 1026 ratione
743 962 800 1024 esse
832 964 986 1041 dicerent,
1013 964 1066 1026 sed

385 1053 390 1060 '
424 1043 519 1104 asdam
545 1049 665 1106 virtutes
692 1045 791 1104 natuti
815 1061 863 1104 aut
888 1064 971 1104 more
1015 1065 1066 1105 er-

396 1123 499 1197 eslas;
524 1126 570 1186 hic
592 1145 695 1188 omnes
719 1129 747 1184 in
777 1127 890 1184 ratione
914 1066 1064 1205 ponebat:

358 1203 529 1343 'puumque
559 1204 599 1265 illi
623 1226 658 1267 ea
681 1224 787 1287 genera
813 1207 973 1277 virtutum,
997 1225 1063 1284 quae

393 1283 464 1365 uptit
482 1284 568 1361 diii,
598 1284 708 1368 sejungi
731 1281 812 1366 posse
832 1284 1033 1344 arbitrarentur
1052 1305 1063 1358 ;

382 1363 431 1424 hic
450 1386 504 1426 nec
520 1366 550 1425 id
569 1367 630 1426 ullo
648 1366 740 1426 modo
761 1363 822 1425 fieri
845 1362 924 1444 polle
946 1361 1064 1424 dissere·

380 1445 432 1504 bat
455 1467 462 1503 ε
485 1467 539 1506 nec
556 1449 669 1507 virtutis
686 1445 766 1504 usum
788 1444 901 1517 modb,
924 1460 955 1502 ut
975 1442 1062 1524 supe-

380 1526 495 1597 riores,
522 1524 570 1584 sed
593 1525 683 1604 ipsum
702 1525 905 1603 habitumpet
922 1521 980 1582 sese
1003 1522 1061 1584 esse

378 1602 545 1681 praeclarum
561 1622 570 1672 ;
589 1622 643 1661 nec
662 1619 760 1660 tamen
776 1602 912 1659 virtutem
926 1606 1062 1680 cuiquam

378 1678 496 1754 adesse,
513 1683 581 1763 quin
602 1681 637 1740 eal
655 1679 769 1760 semper
787 1695 931 1738 uteretur:
953 1700 1063 1758 quum-

381 1780 438 1841 que
462 1761 693 1841 perturbationes
718 1760 805 1819 animi
825 1759 865 1818 illi
886 1777 922 1819 ex
937 1758 1060 1822 homine

379 1861 441 1900 non
462 1840 630 1916 tollerent,
659 1840 815 1921 naturdque
845 1838 877 1898 &
904 1840 1061 1901 condoles·

378 1930 467 1993 cete,
490 1921 523 1981 &
547 1920 772 2003 concupiscere,
794 1920 827 1979 δι
850 1919 1059 1996 extimescere,

379 1997 413 2059 Bt
432 1999 525 2061 efferri
544 1997 641 2062 laetitid
665 2002 815 2074 dicerent,
838 1999 887 2060 sed
911 2020 958 2060 eas
984 2021 1058 2059 con·

376 2082 547 2154 lraherent,
573 2085 601 2140 in
624 2079 830 2162 angustumque
848 2079 1026 2140 deducerent
1046 2101 1057 2154 ;

377 2160 424 2218 hic
446 2161 579 2220 omnibus
598 2160 641 2219 his
664 2162 744 2240 quasi
764 2159 874 2218 morbis
893 2159 986 2219 voluit
1007 2181 1056 2219 ca·

376 2259 440 2299 rere
463 2239 619 2320 sapientem
639 2261 647 2298 1
674 2258 820 2320 quumque
838 2258 886 2297 eas
905 2241 1057 2318 perturba·

374 2316 470 2400 tiones
493 2316 600 2400 antiqui
618 2317 760 2378 naturales
783 2316 839 2378 esse
872 2317 1000 2380 dicerent
1022 2321 1055 2380 δι

376 2401 494 2458 rationis
512 2416 669 2479 expertes,
689 2400 800 2478 aliaque
820 2401 849 2457 in
864 2417 946 2479 parte
967 2401 1055 2459 animi

374 2478 561 2560 cupiditatem
574 2524 585 2552 ,
597 2481 626 2538 in
636 2480 690 2538 alia
702 2479 844 2539 rationem
855 2479 1031 2538 collocarent
1043 2524 1053 2553 ,

375 2577 413 2619 ne
433 2558 475 2617 his
489 2559 606 2641 quldem
620 2557 839 2619 assentiebatur:
855 2580 924 2617 nam
937 2559 968 2621 &
987 2579 1054 2639 per·

373 2633 551 2705 surbaiiones
569 2640 743 2701 voluntarias
758 2637 814 2699 else
832 2639 974 2723 putabat,
992 2641 1054 2719 opi·

371 2721 521 2799 nionisque
533 2714 645 2798 'judicio
661 2719 777 2802 suscipi,
793 2720 824 2779 &
841 2721 971 2777 omnium
985 2731 1053 2799 per-

372 2800 566 2860 turbationum
585 2797 772 2860 arbitrabatur
784 2814 905 2860 matrem
922 2794 978 2856 esse
995 2800 1051 2856 im·

370 2881 553 2961 moderatam
593 2881 748 2962 quamdam
788 2878 1050 2960 intemperantiam.

372 2954 444 3019 Haei
465 2958 526 3020 sete
543 2960 580 3020 de
605 2959 743 3022 moribus.
764 3028 767 3033 ¹

412 3035 475 3103 xl.
501 3039 550 3102 De
572 3043 677 3101 naturis
704 3055 800 3098 autem
821 3036 861 3096 'sic
883 3034 1049 3110 sentiebat,

369 3110 494 3200 ‘prilnlt'in
509 3165 519 3196 ,
536 3115 614 3182 utin
635 3133 763 3201 quatuor*
778 3117 863 3180 initiis
881 3135 977 3178 rerum
993 3114 1048 3176 illis
