2709 4017
310 535 387 628 '248
418 532 683 602 Ds'nrruna
708 533 917 617 osonum

309 647 364 710 bus
379 647 537 706 immensis.
557 645 658 728 Atque
671 645 701 704 hi
711 646 782 706 tanti
794 648 897 728 ignes,
913 655 995 705 tami

310 747 367 810 que
385 727 486 798 multi,
506 747 567 785 non
581 727 673 786 modo
687 727 757 786 nihil
772 742 878 785 nocent
893 727 994 799 terris,

309 806 450 886 rebusque
470 805 667 878 terrestribus,
684 807 733 866 sed
752 809 790 865 ita
809 804 926 887 prosunt
938 849 948 878 ‚
962 821 996 863 ut

309 887 334 946 si
353 905 433 946 mota
451 887 517 945 loco
538 889 613 959 sint,
631 887 811 968 conflagrare
828 903 917 945 terras
937 903 996 944 ne·

307 964 382 1026 celle
401 969 437 1025 sit
455 987 472 1025 a
491 968 576 1024 tantis
593 965 766 1040 ardoribus,
791 965 995 1027 moderatione

308 1046 344 1108 &
360 1062 419 1105 tem
444 1049 573 1106 eratione
585 1045 722 1107 sublati.¹

254 1179 257 1188 ,
320 1155 326 1167 ·
350 1067 540 1184 ΧΧςζῊΙ.
568 1126 626 1186 Hic
652 1147 711 1209 ego
734 1143 796 1185 non
821 1125 909 1184 mirer
936 1119 995 1182 elle

308 1222 507 1288 quemquam,
523 1208 572 1286 qui
591 1208 645 1265 sibi
660 1204 848 1287 persuadeat,
868 1201 996 1283 corpora

309 1287 443 1366 quaedam
453 1286 561 1359 solida,
574 1305 661 1366 atque
676 1284 839 1356 individua,
848 1287 878 1343 vi
891 1283 922 1342 &
934 1303 999 1364 gra·

309 1368 399 1427 vitate
422 1358 508 1440 ferri,
531 1366 731 1448 mundumque
752 1361 826 1424 effici
845 1363 997 1422 ornatissi-

310 1462 414 1519 mum,
431 1448 699 1526 &pulcherrimum
716 1466 752 1505 ex
769 1463 872 1503 eorum
889 1463 998 1521 corpo·

309 1542 375 1585 nrm
389 1528 577 1584 concursione
590 1524 730 1584 fortuiti?
749 1523 818 1580 Hoc
837 1523 887 1601 qui
900 1520 998 1582 existi·

310 1621 372 1664 mat
390 1602 452 1661 fieri
469 1600 609 1681 potuille,
627 1623 688 1660 non
704 1601 855 1679 intelligo,
872 1620 922 1658 cur
934 1619 998 1660 non

309 1681 388 1741 idem
406 1698 508 1761 putet,
526 1683 548 1738 si
561 1680 783 1740 innumerabiles
800 1680 882 1735 unius
900 1680 934 1739 ὃ(
946 1684 998 1740 vi-

311 1762 384 1842 ginti
413 1760 515 1820 formae
541 1760 699 1819 litterarum
725 1757 774 1818 vel
797 1777 921 1832 aureae,
946 1760 998 1820 vel

310 1841 410 1922 quales
438 1841 532 1911 libet,
557 1840 653 1920 aliquo
680 1837 888 1914 conjiciantur,
914 1838 998 1917 polle

312 1940 350 1982 ox
369 1922 412 1980 his
430 1922 458 1980 in
477 1938 582 1982 terram
608 1922 732 1981 excussis
750 1918 865 1977 annales
888 1916 998 1991 Ennii,

311 2018 344 2061 ut
360 2002 497 2081 deinceps
511 2003 568 2081 legi
582 2005 712 2079 possint,
737 1996 828 2059 effici:
845 1997 926 2077 quod
942 2017 997 2058 ne·

310 2078 370 2142 scio
387 2102 422 2141 an
438 2102 474 2141 ne
489 2085 517 2140 in
531 2100 590 2138 uno
608 2081 728 2161 quidem
739 2076 823 2140 versu
833 2078 924 2158 possit
933 2094 999 2146 tan-¹

311 2177 375 2222 tum
392 2161 490 2220 valere
509 2159 634 2219 fortuna.

320 2272 324 2278 -
354 2257 403 2317 94.
425 2237 471 2297 Illi
494 2255 591 2297 autem
614 2234 862 2320 quemadmodum
885 2234 998 2296 ass‘eve-

312 2338 396 2392 rant,
413 2337 448 2377 ex
461 2316 631 2397 corpusculis
642 2340 702 2378 non
714 2318 835 2389 colore,
852 2337 913 2375 non
923 2336 998 2396 qua-

310 2399 391 2458 litate
405 2399 440 2455 ali
464 2399 517 2469 uzi,
533 2418 618 2477 quam
630 2401 749 2461 norlrnla
761 2395 856 2457 Graeci
868 2411 996 2469 vocant,

311 2499 372 2538 uon
396 2419 475 2537 leulu
501 2477 657 2557 praeditis,
685 2476 734 2536 sed
761 2475 998 2537 concurrentibus

311 2559 423 2619 temere
444 2576 529 2640 atque
548 2557 629 2633 casu,
645 2557 785 2617 mundum
806 2555 862 2615 elle
882 2554 998 2635 perfec·

312 2638 406 2698 turm?
432 2640 480 2700 vel
499 2639 720 2698 innumerabiles
764 2637 839 2696 otius
862 2636 891 2694 in
915 2635 998 2694 omni

312 2718 421 2802 punilo
442 2721 583 2798 temporis
604 2719 676 2776 alios
696 2659 789 2789 ῃεὶἱ,
810 2715 880 2774 alios
899 2715 1000 2774 interi·

314 2800 369 2862 re?
392 2798 486 2877 Quod
503 2801 526 2856 si
539 2797 680 2856 mundum
691 2794 807 2855 efficere
819 2792 913 2875 potest
929 2815 999 2854 con·

314 2880 409 2940 cursus
426 2895 588 2938 atomorum
601 2921 609 2947 ‚
621 2878 842 2955 conponimur,
858 2895 908 2932 cur
921 2893 999 2933 tem·

313 2961 419 3041 plum,
438 2981 488 3019 cur
503 2957 645 3027 domum,
668 2976 718 3013 cur
737 2955 840 3014 urbem
858 2975 919 3014 non
938 2975 999 3034 po·

314 3040 392 3102 testi
410 3037 551 3122 quaesunt
569 3037 664 3100 minus
689 3034 832 3117 operosa,
852 3034 885 3099 &
903 3032 999 3100 mult&
