2709 4017
417 489 495 582 455
535 487 610 555 m
641 478 985 566 urrrnrrrorrrr‘

412 600 569 673 cantandi,
592 618 682 679 quum
697 597 728 657 id
744 594 796 658 rel
815 612 936 674 natura,¹
953 596 1004 662 vel
1025 598 1099 660 casus

409 681 530 744 efficere
572 677 706 739 ottiffet?
905 719 909 729 ·

454 702 583 820 XXVll.
602 759 778 840 Sanguinem
790 756 894 839 pluisse·
904 757 1016 819 senatui
1031 781 1099 819 nun-

352 882 354 886 .
412 837 516 901 tiatutt't
531 839 592 914 est3
612 840 748 898 Atratum
760 837 848 897 etiarn
857 840 982 898 fluvium
993 838 1097 900 fluxisse

406 920 568 1003 sanguine3
585 921 706 980 deorutn
722 916 828 978 sudasse
842 921 1011 979 simulacra:
1032 941 1098 980 nunt

415 1000 513 1063 censes
526 1002 569 1060 his
584 1000 689 1059 nuntiis
706 997 850 1070 Thalem,
869 1018 918 1058 aut
938 999 1098 1082 Anaxago·

412 1103 493 1152 ram,
507 1100 554 1140 aut
565 1099 740 1161 quemquam
755 1079 908 1159 physicum
921 1080 1096 1141 crediturum

404 1159 514 1221 ¹fuisse?
535 1183 589 1221 nec
606 1164 684 1220 enim
702 1158 832 1240 sanguis,
850 1180 904 1220 nec
912 1159 1027 1235 sudor,
1047 1163 1096 1220 nisi

404 1261 431 1302 ·e
450 1262 574 1321 corpore
587 1238 643 1300 est:
659 1239 709 1299 sed
725 1239 952 1299 &decoloratio
965 1241 1096 1322 quaedant

405 1341 450 1383 rex
467 1324 561 1403 aliqua
577 1323 753 1400 contagione
768 1339 881 1379 terrena
901 1321 1031 1380 maxime
1045 1342 1096 1402 po·

410 1401 465 1462 tell
479 1403 605 1487 sanguini
620 1403 717 1459 similis
736 1396 811 1472 elle,
828 1400 860 1459 &
878 1401 989 1461 humor
1008 1402 1097 1482 allap-

405 1481 454 1541 sus
470 1481 667 1550 extrinsecus,
697 1499 727 1538 ut
752 1481 781 1538 in
804 1478 933 1539 tellonis
962 1482 1095 1542 videmus

410 1560 504 1621 austro
516 1575 531 1633 '3
561 1561 695 1620 sudorem
720 1560 834 1619 videtur
856 1555 975 1620 imitari·
997 1561 1095 1644 Atque

408 1641 469 1698 haec
483 1645 511 1698 in
528 1641 606 1700 bello
624 1642 756 1719 plura&
776 1638 886 1713 maiora
905 1641 1045 1701 videntur
1059 1644 1095 1701 ti·

407 1722 580 1793 tuentibus;
608 1720 712 1779 eadem
740 1742 808 1780 non·
825 1738 885 1779 tam
904 1722 1095 1782 animadver-

407 1817 505 1860 tuntur
519 1801 547 1860 in
566 1821 657 1881 pace:
677 1801 788 1861 accedit
806 1801 875 1859 illud
894 1802 1001 1875 etiam,
1014 1803 1093 1882 quod

404 1881 436 1940 in
449 1900 528 1941 metu
547 1883 577 1942 &
596 1883 725 1962 periculo
742 1902 831 1961 quutn
849 1882 1007 1949 creduntur
1024 1882 1092 1943 faci·

406 1962 459 2022 liirs
471 2008 479 2031 ‚
492 1979 554 2021 tum
562 1961 708 2044 finguntur
719 1963 873 2042 impunius.
939 2003 942 2010 -
957 1980 974 2009 ¹·

405 2066 409 2083 ³
449 2061 495 2122 59.
517 2042 581 2102 Nos
595 2063 691 2102 autem
702 2039 750 2101 ‘ita
766 2039 846 2102 leves
863 2058 950 2122 atque
963 2045 1090 2103 inconsi-

404 2122 496 2182 derati
513 2122 625 2193 sumus,
647 2141 677 2181 ur
694 2125 717 2180 si
733 2143 828 2182 mures
844 2122 1019 2183 corroserint
1035 2125 1089 2182 ali·

404 2204 493 2283 quid,
511 2225 633 2284 quorum
645 2201 686 2262 est
699 2224 772 2283 opus
787 2204 842 2262 hoc
862 2224 973 2278 unum,
991 2203 1091 2264 mons·

401 2299 477 2341 trum
497 2302 630 2362 putemus
643 2283 653 2340 ?
666 2284 744 2342 Ante
761 2285 832 2342 vero
851 2283 1009 2343 Marsicum
1022 2284 1089 2344 bel·

401 2363 484 2433 lum,
503 2363 582 2441 quod
599 2363 722 2442 clypeos
743 2363 862 2422 Lanuvii
873 2407 883 2433 ,
909 2381 941 2423 ut
961 2386 978 2423 a
997 2380 1027 2423 te
1046 2362 1087 2424 est

401 2441 508 2500 dicium
520 2488 529 2516 ‚
541 2463 636 2501 mures
646 2441 775 2502 rosislent
786 2489 795 2516 ‚
807 2447 962 2502 maximum
974 2444 1005 2502 id
1016 2465 1087 2523 por·

399 2540 512 2581 tentum
528 2522 667 2604 aruspices
680 2521 735 2583 elle
750 2525 898 2582 dixerunt:
919 2526 1085 2604 quasivero

419 2603 566 2683 uidquam·
578 2607 707 2676 intersit,
728 2623 843 2676 mures,
868 2604 946 2663 diem
965 2604 1084 2664 nollem

396 2623 504 2762 iliquid
518 2686 674 2754 rodentes,
695 2682 770 2743 scuta
785 2702 822 2743 an
837 2685 928 2743 cribra
947 2689 1085 2744 corrose-

395 2766 462 2822 rint.
485 2763 560 2823 Natn
578 2766 600 2821 si
613 2763 663 2821 ista
676 2761 839 2843 sequimur,
859 2765 939 2843 quod
953 2763 1083 2826 Platonis

394 2841 528 2902 Politiam
546 2863 638 2921 nuper
660 2845 738 2922 apud
762 2865 810 2904 me
834 2864 929 2904 mures
951 2844 1083 2923 corrose-

394 2925 476 2997 rint,
505 2925 542 2983 de
565 2922 712 3001 republica
738 2925 824 2984 debui
848 2925 1082 3005 pertimescere3

393 3023 462 3077 aut,
480 3005 501 3063 sl
520 3002 634 3085 Epicuri
650 3002 688 3064 de
705 3005 857 3088 voluptate
877 3006 952 3068 liber
973 3027 1082 3071 corro-

1035 3085 1080 3151 sus
