2709 4017
349 439 503 509 Lucan
533 452 848 510 stucttttnts.
877 445 953 531 ‘5¹25'

276 554 307 614 si·
324 552 392 614 ess'et
407 553 546 613 sexcentis
560 553 659 613 seculis
680 554 746 612 ante
763 551 885 612 distum?
901 552 957 627 Et,

277 637 303 693 si
328 651 388 692 tum
415 654 475 692 non
501 633 569 692 ellet
590 653 660 693 vera
687 634 748 692 haec
772 636 957 706 enuntiati03

278 716 376 794 Capiet
391 716 570 772 Numantiam
581 715 675 792 Scipio
683 735 697 785 ‚·
718 720 754 771 n'e
771 713 819 773 illa
838 714 956 792 quidem
1009 775 1012 780 ,

278 793 382 854 eversi
393 813 461 852 vera
479 792 518 851 esl
535 794 595 852 haec
614 792 793 862 enuntiatio,
807 795 882 872 Cepit
893 795 959 851 Nu·

278 876 409 932 mantiam
437 874 542 954 Scipio.
569 871 665 932 Potest
693 874 775 953 igitur
804 871 959 950 quidquam

278 949 384 1013 failum
400 948 476 1023 elie,
493 953 573 1032 quod
590 972 771 1023 nonverum
788 949 873 1010 fuerit
885 951 962 1009 fut'u·

278 1052 343 1091 rum
361 1029 416 1090 elle
427 1029 438 1088 ἓ
450 1052 516 1089 nam
532 1039 570 1090 ut'
583 1035 724 1111 praeterita
742 1051 777 1091 ea
796 1051 866 1090 vera
880 1030 961 1089 dici·

279 1130 376 1184 mus,
406 1111 701 1190 quorumsupetiore
731 1127 865 1189 tempore
891 1129 962 1171 vera

279 1191 386 1251 fuerint
399 1188 544 1263 instantia;
562 1191 727 1261 defututa,
746 1210 868 1270 quotum
885 1191 961 1251 cesti-

280 1270 409 1350 sequenti
428 1287 561 1351 tempore
572 1290 642 1332 vera
656 1286 740 1331 erunt
755 1267 904 1340 instantia,
927 1277 963 1331 ei

280 1370 352 1414 vera
369 1351 506 1410 dicemus.
723 1354 727 1359 '

324 1429 373 1490 28.
397 1429 460 1489 Nec
479 1434 503 1489 si
524 1451 612 1491 omne
635 1432 814 1491 enuntiatum
839 1445 886 1488 aut
907 1447 965 1488 ve·

282 1529 346 1570 tum
366 1556 375 1581 ‚
399 1527 446 1569 aut
463 1509 562 1571 falsum
581 1510 621 1571 est
639 1556 649 1584 ‚
668 1511 792 1593 sequitur
808 1509 886 1568 illico
905 1505 963 1568 else

283 1588 378 1650 causas
395 1591 603 1664 immutabiles,
626 1591 728 1672 easque
747 1608 886 1661 aeternas,
900 1609 965 1668 quae

282 1670 458 1751 prohibeant
475 1670 627 1750 quidquam
644 1670 723 1732 secus
738 1672 861 1742 cadere,
876 1685 963 1748 atque

284 1749 412 1809 casurum
424 1752 458 1809 sit
470 1749 612 1810 :fortuitae
625 1751 688 1810 sunt
700 1751 806 1821 causae,
821 1770 884 1829 quae
901 1746 966 1806 effi·

285 1832 383 1900 ciant,
395 1846 427 1889 ut
444 1831 514 1889 vere
530 1831 677 1903 dicantur,
691 1851 753 1910 quae
768 1829 966 1900 indicentur,

286 1912 382 1974 Veniet
398 1911 467 1969 Cato
480 1911 509 1969 in
516 1909 659 1988 senatum,
677 1930 736 1969 non
750 1906 860 1967 inclusae
875 1909 904 1965 in
919 1926 969 1966 te·

285 2010 349 2049 rum
369 1994 467 2048 natura
486 2008 570 2068 atque
589 1989 710 2048 mundo.
733 1988 770 2046 Et
788 2004 886 2046 tamen
905 2001 967 2046 tam
1024 2033 1026 2039 Α

286 2068 327 2130 est
344 2069 520 2128 immutabile
543 2075 723 2140 venturum,
742 2088 830 2148 quum
852 2063 891 2126 est
910 2083 967 2125 ve-

285 2163 365 2209 tum.
388 2147 474 2228 quim
492 2146 598 2214 venisse
614 2170 622 2206 z
641 2169 695 2208 nec
712 2148 751 2207 ob
770 2167 834 2206 eam
854 2144 967 2206 causam

285 2228 407 2299 fatum,
431 2245 478 2285 aut
500 2230 653 2286 necessitas
680 2225 890 2287 extimescenda
914 2225 967 2288 est.

287 2307 403 2368 Etenim
421 2309 474 2364 erit
490 2305 620 2366 confiten‘
630 2305 739 2368 necesse
752 2309 793 2380 ,si
804 2308 865 2365 haec
877 2325 969 2366 enun-

287 2390 388 2460 tiati0,
410 2385 505 2448 Veniet
522 2390 551 2446 in
572 2389 752 2466 Tusculanum
778 2390 967 2459 Hortensius,

287 2489 359 2528 vera
379 2464 514 2537 nonest,
532 2466 609 2546 sequi
629 2485 659 2524 ut
676 2466 742 2525 falsa
767 2467 820 2523 sit:
842 2482 967 2543 quorum

288 2547 333 2607 ilii
354 2563 485 2613 neutrum
504 2546 626 2617 volunt;
646 2546 727 2625 quod
744 2543 807 2603 fieri
831 2564 889 2603 non
908 2565 968 2623 po·

289 2625 369 2688 test:
390 2644 444 2686 nec
470 2646 525 2684 nos
549 2625 690 2706 impediet
717 2625 764 2683 illa
786 2626 890 2705 ignava
919 2644 968 2682 ra·

289 2709 333 2766 tio
362 2726 426 2786 quae
448 2705 551 2765 dicitur
575 2725 582 2763 :
613 2705 774 2784 appellatur
796 2706 874 2764 enim
901 2705 967 2782 qui-

291 2786 358 2845 dam
376 2784 580 2864 aphilosophis
595 2786 673 2860 ἀργὰ
690 2786 801 2858 ulum»,
819 2786 863 2841 cui
879 2783 902 2838 si
914 2801 968 2859 pa·

291 2886 424 2935 reamus,
442 2866 510 2924 nihil
528 2867 648 2923 omnino
662 2870 778 2946 agamus
790 2865 818 2919 in
838 2861 905 2918 vita.
920 2858 968 2940 Sic

291 2946 372 3011 enim
394 2946 591 3028 interrogant:
613 2943 645 3006 Si
664 2944 755 3007 fatum
776 2941 828 3003 tibi
850 2937 972 3015 est,·ett
