<?xml version="1.0" encoding="UTF-8"?>
<!DOCTYPE html PUBLIC "-//W3C//DTD XHTML 1.0 Transitional//EN"
    "http://www.w3.org/TR/xhtml1/DTD/xhtml1-transitional.dtd">
<html xmlns="http://www.w3.org/1999/xhtml" xml:lang="en" lang="en">
 <head>
  <title>
</title>
<meta http-equiv="Content-Type" content="text/html;charset=utf-8" />
  <meta name='ocr-system' content='tesseract 3.04.00' />
  <meta name='ocr-capabilities' content='ocr_page ocr_carea ocr_par ocr_line ocrx_word'/>
</head>
<body>
  <div class='ocr_page' id='page_1' title='image "./mtulliiciceroni10lallgoog/mtulliiciceroni10lallgoog_0521.png"; bbox 0 0 2709 4017; ppageno 0'>
   <div class='ocr_carea' id='block_1_1' title="bbox 283 476 970 735">
    <p class='ocr_par' dir='ltr' id='par_1_1' title="bbox 283 476 970 735">
     <span class='ocr_line' id='line_1_1' title="bbox 358 476 962 575; baseline 0.005 -27"><span class='ocrx_word' id='word_1_1' title='bbox 358 476 511 551; x_wconf 77' lang='lat' dir='ltr'>lim</span> <span class='ocrx_word' id='word_1_2' title='bbox 539 489 859 552; x_wconf 66' lang='lat' dir='ltr'>montanis.</span> <span class='ocrx_word' id='word_1_3' title='bbox 885 489 962 575; x_wconf 72' lang='lat'>517·</span> 
     </span>
     <span class='ocr_line' id='line_1_2' title="bbox 283 589 970 735; baseline -0.001 -82"><span class='ocrx_word' id='word_1_4' title='bbox 283 589 316 661; x_wconf 86' lang='lat' dir='ltr'>id</span> <span class='ocrx_word' id='word_1_5' title='bbox 327 591 396 653; x_wconf 71' lang='lat' dir='ltr'>dicit</span> <span class='ocrx_word' id='word_1_6' title='bbox 406 589 472 652; x_wconf 81' lang='lat' dir='ltr'>fieri</span> <span class='ocrx_word' id='word_1_7' title='bbox 483 591 595 654; x_wconf 82' lang='lat' dir='ltr'>neceffe</span> <span class='ocrx_word' id='word_1_8' title='bbox 610 593 685 665; x_wconf 76' lang='lat' dir='ltr'>effe3</span> <span class='ocrx_word' id='word_1_9' title='bbox 698 595 728 654; x_wconf 91' lang='lat'>&amp;</span> <span class='ocrx_word' id='word_1_10' title='bbox 739 638 749 668; x_wconf 92' lang='lat'>,</span> <span class='ocrx_word' id='word_1_11' title='bbox 759 593 896 731; x_wconf 56' lang='lat' dir='ltr'>quidqpipl</span> <span class='ocrx_word' id='word_1_12' title='bbox 906 614 970 735; x_wconf 55' lang='lat' dir='ltr'>mg:</span> 
     </span>
    </p>
   </div>
   <div class='ocr_carea' id='block_1_2' title="bbox 278 671 1003 2978">
    <p class='ocr_par' dir='ltr' id='par_1_2' title="bbox 278 671 1003 2978">
     <span class='ocr_line' id='line_1_3' title="bbox 285 671 824 753; baseline -0.002 -20"><span class='ocrx_word' id='word_1_13' title='bbox 285 674 322 739; x_wconf 77' lang='lat' dir='ltr'>ait</span> <span class='ocrx_word' id='word_1_14' title='bbox 339 671 486 743; x_wconf 80' lang='lat' dir='ltr'>futurum,</span> <span class='ocrx_word' id='word_1_15' title='bbox 504 674 534 732; x_wconf 91' lang='lat' dir='ltr'>id</span> <span class='ocrx_word' id='word_1_16' title='bbox 547 692 632 752; x_wconf 85' lang='lat' dir='ltr'>negat</span> <span class='ocrx_word' id='word_1_17' title='bbox 650 672 711 733; x_wconf 87' lang='lat' dir='ltr'>fieri</span> <span class='ocrx_word' id='word_1_18' title='bbox 733 673 824 753; x_wconf 78' lang='lat' dir='ltr'>polle.</span> 
     </span>
     <span class='ocr_line' id='line_1_4' title="bbox 281 751 967 891; baseline 0.003 -79"><span class='ocrx_word' id='word_1_19' title='bbox 281 772 347 891; x_wconf 66' lang='lat' dir='ltr'>pplae</span> <span class='ocrx_word' id='word_1_20' title='bbox 366 772 426 812; x_wconf 90' lang='lat' dir='ltr'>non</span> <span class='ocrx_word' id='word_1_21' title='bbox 444 754 500 810; x_wconf 84' lang='lat' dir='ltr'>sint</span> <span class='ocrx_word' id='word_1_22' title='bbox 516 751 629 823; x_wconf 85' lang='lat' dir='ltr'>fututa,</span> <span class='ocrx_word' id='word_1_23' title='bbox 647 753 729 834; x_wconf 85' lang='lat' dir='ltr'>polle</span> <span class='ocrx_word' id='word_1_24' title='bbox 747 752 808 813; x_wconf 86' lang='lat' dir='ltr'>fieti</span> <span class='ocrx_word' id='word_1_25' title='bbox 827 753 914 823; x_wconf 86' lang='lat' dir='ltr'>ditis,</span> <span class='ocrx_word' id='word_1_26' title='bbox 933 767 967 814; x_wconf 83' lang='lat' dir='ltr'>ut</span> 
     </span>
     <span class='ocr_line' id='line_1_5' title="bbox 310 831 967 912; baseline 0.002 -22"><span class='ocrx_word' id='word_1_27' title='bbox 310 834 378 911; x_wconf 88' lang='lat' dir='ltr'>angi</span> <span class='ocrx_word' id='word_1_28' title='bbox 403 831 475 889; x_wconf 85' lang='lat' dir='ltr'>hanc</span> <span class='ocrx_word' id='word_1_29' title='bbox 496 852 665 912; x_wconf 82' lang='lat' dir='ltr'>gemmam,</span> <span class='ocrx_word' id='word_1_30' title='bbox 690 835 774 893; x_wconf 90' lang='lat' dir='ltr'>etiam</span> <span class='ocrx_word' id='word_1_31' title='bbox 792 834 815 891; x_wconf 87' lang='lat' dir='ltr'>si</span> <span class='ocrx_word' id='word_1_32' title='bbox 829 833 857 890; x_wconf 88' lang='lat' dir='ltr'>id</span> <span class='ocrx_word' id='word_1_33' title='bbox 880 854 967 891; x_wconf 92' lang='lat' dir='ltr'>num·</span> 
     </span>
     <span class='ocr_line' id='line_1_6' title="bbox 304 909 969 992; baseline 0.009 -23"><span class='ocrx_word' id='word_1_34' title='bbox 304 932 370 971; x_wconf 88' lang='lat' dir='ltr'>uam</span> <span class='ocrx_word' id='word_1_35' title='bbox 393 909 518 977; x_wconf 83' lang='lat' dir='ltr'>futurum</span> <span class='ocrx_word' id='word_1_36' title='bbox 541 914 602 970; x_wconf 81' lang='lat' dir='ltr'>sit:</span> <span class='ocrx_word' id='word_1_37' title='bbox 630 933 727 992; x_wconf 87' lang='lat' dir='ltr'>neque</span> <span class='ocrx_word' id='word_1_38' title='bbox 749 909 861 973; x_wconf 78' lang='lat' dir='ltr'>netelle</span> <span class='ocrx_word' id='word_1_39' title='bbox 885 910 969 975; x_wconf 76' lang='lat' dir='ltr'>suilla</span> 
     </span>
     <span class='ocr_line' id='line_1_7' title="bbox 281 931 967 1072; baseline 0.007 -22"><span class='ocrx_word' id='word_1_40' title='bbox 281 931 446 1071; x_wconf 52' lang='lat' dir='ltr'>Cypselum</span> <span class='ocrx_word' id='word_1_41' title='bbox 470 1012 588 1072; x_wconf 85' lang='lat' dir='ltr'>regnate</span> <span class='ocrx_word' id='word_1_42' title='bbox 609 991 741 1051; x_wconf 75' lang='lat' dir='ltr'>corinth</span> <span class='ocrx_word' id='word_1_43' title='bbox 760 1037 770 1064; x_wconf 90' lang='lat'><strong>‚</strong></span> <span class='ocrx_word' id='word_1_44' title='bbox 791 1012 967 1072; x_wconf 82' lang='lat' dir='ltr'>quamquam</span> 
     </span>
     <span class='ocr_line' id='line_1_8' title="bbox 282 1069 969 1150; baseline 0.007 -22"><span class='ocrx_word' id='word_1_45' title='bbox 282 1069 314 1137; x_wconf 78' lang='lat' dir='ltr'>id</span> <span class='ocrx_word' id='word_1_46' title='bbox 335 1071 489 1129; x_wconf 82' lang='lat' dir='ltr'>millesimo</span> <span class='ocrx_word' id='word_1_47' title='bbox 510 1071 576 1129; x_wconf 62' lang='lat' dir='ltr'>anth</span> <span class='ocrx_word' id='word_1_48' title='bbox 594 1093 671 1130; x_wconf 88' lang='lat' dir='ltr'>anno</span> <span class='ocrx_word' id='word_1_49' title='bbox 686 1074 829 1150; x_wconf 81' lang='lat' dir='ltr'>Apollinis</span> <span class='ocrx_word' id='word_1_50' title='bbox 849 1072 969 1133; x_wconf 81' lang='lat' dir='ltr'>oraculo</span> 
     </span>
     <span class='ocr_line' id='line_1_9' title="bbox 281 1146 968 1231; baseline 0.003 -20"><span class='ocrx_word' id='word_1_51' title='bbox 281 1149 394 1211; x_wconf 81' lang='lat' dir='ltr'>editum</span> <span class='ocrx_word' id='word_1_52' title='bbox 413 1146 493 1210; x_wconf 82' lang='lat' dir='ltr'>effet.</span> <span class='ocrx_word' id='word_1_53' title='bbox 514 1152 553 1208; x_wconf 83' lang='lat' dir='ltr'>At</span> <span class='ocrx_word' id='word_1_54' title='bbox 567 1154 589 1208; x_wconf 88' lang='lat' dir='ltr'>si</span> <span class='ocrx_word' id='word_1_55' title='bbox 605 1151 656 1209; x_wconf 89' lang='lat' dir='ltr'>ista</span> <span class='ocrx_word' id='word_1_56' title='bbox 672 1152 876 1231; x_wconf 82' lang='lat' dir='ltr'>comprobabis</span> <span class='ocrx_word' id='word_1_57' title='bbox 894 1151 968 1213; x_wconf 56' lang='lat' dir='ltr'>divit</span> 
     </span>
     <span class='ocr_line' id='line_1_10' title="bbox 281 1230 968 1309; baseline 0.007 -21"><span class='ocrx_word' id='word_1_58' title='bbox 281 1250 320 1297; x_wconf 78' lang='lat' dir='ltr'>na</span> <span class='ocrx_word' id='word_1_59' title='bbox 338 1231 490 1309; x_wconf 60' lang='lat' dir='ltr'>praedikla3</span> <span class='ocrx_word' id='word_1_60' title='bbox 509 1231 538 1289; x_wconf 76' lang='grc' dir='ltr'>δι</span> <span class='ocrx_word' id='word_1_61' title='bbox 555 1251 617 1307; x_wconf 88' lang='lat' dir='ltr'>quae</span> <span class='ocrx_word' id='word_1_62' title='bbox 628 1230 697 1290; x_wconf 82' lang='lat' dir='ltr'>falsa</span> <span class='ocrx_word' id='word_1_63' title='bbox 710 1233 740 1290; x_wconf 90' lang='lat' dir='ltr'>in</span> <span class='ocrx_word' id='word_1_64' title='bbox 753 1231 853 1290; x_wconf 84' lang='lat' dir='ltr'>futuris</span> <span class='ocrx_word' id='word_1_65' title='bbox 865 1231 968 1293; x_wconf 84' lang='lat' dir='ltr'>dicen.-</span> 
     </span>
     <span class='ocr_line' id='line_1_11' title="bbox 281 1309 969 1389; baseline 0.001 -21"><span class='ocrx_word' id='word_1_66' title='bbox 281 1325 349 1380; x_wconf 76' lang='lat' dir='ltr'>tur,</span> <span class='ocrx_word' id='word_1_67' title='bbox 368 1313 398 1368; x_wconf 90' lang='lat' dir='ltr'>in</span> <span class='ocrx_word' id='word_1_68' title='bbox 417 1309 460 1367; x_wconf 81' lang='lat' dir='ltr'>his</span> <span class='ocrx_word' id='word_1_69' title='bbox 478 1310 616 1368; x_wconf 84' lang='lat' dir='ltr'>habemus</span> <span class='ocrx_word' id='word_1_70' title='bbox 627 1354 641 1382; x_wconf 72' lang='grc'>,</span> <span class='ocrx_word' id='word_1_71' title='bbox 657 1328 688 1367; x_wconf 90' lang='lat' dir='ltr'>ut</span> <span class='ocrx_word' id='word_1_72' title='bbox 701 1309 805 1370; x_wconf 82' lang='lat' dir='ltr'>eafieti</span> <span class='ocrx_word' id='word_1_73' title='bbox 816 1330 875 1368; x_wconf 93' lang='lat' dir='ltr'>non</span> <span class='ocrx_word' id='word_1_74' title='bbox 893 1331 969 1389; x_wconf 81' lang='lat' dir='ltr'>pos·</span> 
     </span>
     <span class='ocr_line' id='line_1_12' title="bbox 281 1387 965 1462; baseline 0.001 -14"><span class='ocrx_word' id='word_1_75' title='bbox 281 1390 359 1449; x_wconf 80' lang='lat' dir='ltr'>sint:</span> <span class='ocrx_word' id='word_1_76' title='bbox 376 1406 427 1461; x_wconf 89' lang='lat' dir='ltr'>ut,</span> <span class='ocrx_word' id='word_1_77' title='bbox 444 1392 468 1447; x_wconf 89' lang='lat' dir='ltr'>si</span> <span class='ocrx_word' id='word_1_78' title='bbox 481 1389 612 1462; x_wconf 78' lang='lat' dir='ltr'>dicatur,</span> <span class='ocrx_word' id='word_1_79' title='bbox 630 1388 799 1450; x_wconf 80' lang='lat' dir='ltr'>Africanum</span> <span class='ocrx_word' id='word_1_80' title='bbox 813 1387 919 1448; x_wconf 83' lang='lat' dir='ltr'>Cartha</span> <span class='ocrx_word' id='word_1_81' title='bbox 940 1389 965 1449; x_wconf 64' lang='lat' dir='ltr'>is</span> 
     </span>
     <span class='ocr_line' id='line_1_13' title="bbox 280 1468 970 1546; baseline -0.001 -18"><span class='ocrx_word' id='word_1_82' title='bbox 280 1488 321 1537; x_wconf 73' lang='lat' dir='ltr'>pe</span> <span class='ocrx_word' id='word_1_83' title='bbox 338 1469 517 1546; x_wconf 86' lang='lat' dir='ltr'>potiturum:</span> <span class='ocrx_word' id='word_1_84' title='bbox 536 1469 591 1539; x_wconf 83' lang='lat'>&amp;,</span> <span class='ocrx_word' id='word_1_85' title='bbox 608 1469 631 1525; x_wconf 91' lang='lat' dir='ltr'>si</span> <span class='ocrx_word' id='word_1_86' title='bbox 651 1471 721 1530; x_wconf 65' lang='lat' dir='ltr'>verb</span> <span class='ocrx_word' id='word_1_87' title='bbox 738 1469 848 1529; x_wconf 85' lang='lat' dir='ltr'>dicatur</span> <span class='ocrx_word' id='word_1_88' title='bbox 866 1468 904 1527; x_wconf 88' lang='lat' dir='ltr'>de</span> <span class='ocrx_word' id='word_1_89' title='bbox 959 1478 970 1530; x_wconf 88' lang='grc'>,“</span> 
     </span>
     <span class='ocr_line' id='line_1_14' title="bbox 280 1545 1003 1627; baseline -0.006 -19"><span class='ocrx_word' id='word_1_90' title='bbox 280 1564 367 1620; x_wconf 85' lang='lat' dir='ltr'>tuto,</span> <span class='ocrx_word' id='word_1_91' title='bbox 384 1549 470 1627; x_wconf 88' lang='lat' dir='ltr'>idque</span> <span class='ocrx_word' id='word_1_92' title='bbox 486 1551 524 1606; x_wconf 89' lang='lat' dir='ltr'>ita</span> <span class='ocrx_word' id='word_1_93' title='bbox 536 1547 662 1609; x_wconf 85' lang='lat' dir='ltr'>fututum</span> <span class='ocrx_word' id='word_1_94' title='bbox 679 1550 822 1621; x_wconf 85' lang='lat' dir='ltr'>sit‚dicas</span> <span class='ocrx_word' id='word_1_95' title='bbox 842 1545 898 1608; x_wconf 81' lang='lat' dir='ltr'>effe</span> <span class='ocrx_word' id='word_1_96' title='bbox 912 1568 967 1609; x_wconf 88' lang='lat' dir='ltr'>ne·</span> <span class='ocrx_word' id='word_1_97' title='bbox 999 1596 1003 1604; x_wconf 87' lang='lat'><em>.</em></span> 
     </span>
     <span class='ocr_line' id='line_1_15' title="bbox 281 1625 969 1705; baseline 0.001 -16"><span class='ocrx_word' id='word_1_98' title='bbox 281 1625 440 1689; x_wconf 81' lang='lat' dir='ltr'>cellarium.</span> <span class='ocrx_word' id='word_1_99' title='bbox 452 1625 530 1705; x_wconf 89' lang='lat' dir='ltr'>Quae</span> <span class='ocrx_word' id='word_1_100' title='bbox 549 1625 589 1688; x_wconf 86' lang='lat' dir='ltr'>est</span> <span class='ocrx_word' id='word_1_101' title='bbox 600 1646 661 1688; x_wconf 86' lang='lat' dir='ltr'>tota</span> <span class='ocrx_word' id='word_1_102' title='bbox 677 1627 807 1690; x_wconf 86' lang='lat' dir='ltr'>Diodori</span> <span class='ocrx_word' id='word_1_103' title='bbox 817 1630 902 1688; x_wconf 88' lang='lat' dir='ltr'>vobis</span> <span class='ocrx_word' id='word_1_104' title='bbox 913 1629 969 1696; x_wconf 56' lang='lat' dir='ltr'>iniq</span> 
     </span>
     <span class='ocr_line' id='line_1_16' title="bbox 279 1706 520 1769; baseline 0 0"><span class='ocrx_word' id='word_1_105' title='bbox 279 1708 358 1769; x_wconf 87' lang='lat' dir='ltr'>mica</span> <span class='ocrx_word' id='word_1_106' title='bbox 371 1706 520 1769; x_wconf 87' lang='lat' dir='ltr'>sententia.</span> 
     </span>
     <span class='ocr_line' id='line_1_17' title="bbox 288 1785 968 1861; baseline 0.004 -15"><span class='ocrx_word' id='word_1_107' title='bbox 288 1849 291 1855; x_wconf 72' lang='grc'><strong>,</strong></span> <span class='ocrx_word' id='word_1_108' title='bbox 329 1806 374 1861; x_wconf 85' lang='lat'>14.</span> <span class='ocrx_word' id='word_1_109' title='bbox 395 1787 510 1848; x_wconf 83' lang='lat' dir='ltr'>Etenim</span> <span class='ocrx_word' id='word_1_110' title='bbox 525 1788 548 1847; x_wconf 90' lang='lat' dir='ltr'>si</span> <span class='ocrx_word' id='word_1_111' title='bbox 559 1787 630 1847; x_wconf 89' lang='lat' dir='ltr'>illud</span> <span class='ocrx_word' id='word_1_112' title='bbox 638 1787 709 1846; x_wconf 67' lang='lat' dir='ltr'>verb</span> <span class='ocrx_word' id='word_1_113' title='bbox 724 1787 922 1861; x_wconf 69' lang='lat' dir='ltr'>conneffitur,</span> <span class='ocrx_word' id='word_1_114' title='bbox 933 1785 968 1853; x_wconf 74' lang='lat' dir='ltr'>Si</span> 
     </span>
     <span class='ocr_line' id='line_1_18' title="bbox 280 1865 967 1938; baseline 0.003 -12"><span class='ocrx_word' id='word_1_115' title='bbox 280 1868 395 1931; x_wconf 83' lang='lat' dir='ltr'>oriente</span> <span class='ocrx_word' id='word_1_116' title='bbox 415 1865 554 1926; x_wconf 81' lang='lat' dir='ltr'>Canicula</span> <span class='ocrx_word' id='word_1_117' title='bbox 574 1884 656 1925; x_wconf 85' lang='lat' dir='ltr'>natus</span> <span class='ocrx_word' id='word_1_118' title='bbox 677 1885 738 1938; x_wconf 78' lang='lat' dir='ltr'>es,</span> <span class='ocrx_word' id='word_1_119' title='bbox 760 1870 789 1926; x_wconf 88' lang='lat' dir='ltr'>in</span> <span class='ocrx_word' id='word_1_120' title='bbox 810 1870 881 1927; x_wconf 85' lang='lat' dir='ltr'>mari</span> <span class='ocrx_word' id='word_1_121' title='bbox 902 1888 967 1933; x_wconf 75' lang='lat' dir='ltr'>non,</span> 
     </span>
     <span class='ocr_line' id='line_1_19' title="bbox 280 1945 964 2026; baseline -0.001 -18"><span class='ocrx_word' id='word_1_122' title='bbox 280 1949 433 2017; x_wconf 79' lang='lat' dir='ltr'>morietis3</span> <span class='ocrx_word' id='word_1_123' title='bbox 453 1948 662 2026; x_wconf 84' lang='lat' dir='ltr'>primumque,</span> <span class='ocrx_word' id='word_1_124' title='bbox 680 1945 759 2023; x_wconf 89' lang='lat' dir='ltr'>quod</span> <span class='ocrx_word' id='word_1_125' title='bbox 780 1945 822 2007; x_wconf 83' lang='lat' dir='ltr'>est</span> <span class='ocrx_word' id='word_1_126' title='bbox 840 1947 868 2005; x_wconf 92' lang='lat' dir='ltr'>in</span> <span class='ocrx_word' id='word_1_127' title='bbox 887 1966 964 2007; x_wconf 87' lang='lat' dir='ltr'>con·</span> 
     </span>
     <span class='ocr_line' id='line_1_20' title="bbox 279 2021 964 2099; baseline 0.001 -12"><span class='ocrx_word' id='word_1_128' title='bbox 279 2048 381 2099; x_wconf 79' lang='lat' dir='ltr'>nexo,</span> <span class='ocrx_word' id='word_1_129' title='bbox 399 2025 491 2085; x_wconf 87' lang='lat' dir='ltr'>Natus</span> <span class='ocrx_word' id='word_1_130' title='bbox 507 2045 539 2084; x_wconf 87' lang='lat' dir='ltr'>es</span> <span class='ocrx_word' id='word_1_131' title='bbox 558 2027 669 2084; x_wconf 85' lang='lat' dir='ltr'>oriente</span> <span class='ocrx_word' id='word_1_132' title='bbox 688 2021 844 2098; x_wconf 61' lang='lat' dir='ltr'>Calculi,</span> <span class='ocrx_word' id='word_1_133' title='bbox 855 2045 964 2089; x_wconf 84' lang='lat' dir='ltr'>neces·¹</span> 
     </span>
     <span class='ocr_line' id='line_1_21' title="bbox 279 2103 968 2243; baseline 0 -76"><span class='ocrx_word' id='word_1_134' title='bbox 279 2105 381 2167; x_wconf 83' lang='lat' dir='ltr'>sarium</span> <span class='ocrx_word' id='word_1_135' title='bbox 398 2105 438 2165; x_wconf 88' lang='lat' dir='ltr'>est</span> <span class='ocrx_word' id='word_1_136' title='bbox 448 2103 570 2243; x_wconf 53' lang='lat' dir='ltr'>pomula</span> <span class='ocrx_word' id='word_1_137' title='bbox 584 2106 662 2164; x_wconf 88' lang='lat' dir='ltr'>enim</span> <span class='ocrx_word' id='word_1_138' title='bbox 676 2125 747 2164; x_wconf 84' lang='lat' dir='ltr'>vera</span> <span class='ocrx_word' id='word_1_139' title='bbox 758 2106 786 2164; x_wconf 86' lang='lat' dir='ltr'>in</span> <span class='ocrx_word' id='word_1_140' title='bbox 799 2107 968 2185; x_wconf 64' lang='lat' dir='ltr'>preteritis,</span> 
     </span>
     <span class='ocr_line' id='line_1_22' title="bbox 279 2181 968 2265; baseline 0 -18"><span class='ocrx_word' id='word_1_141' title='bbox 279 2184 433 2247; x_wconf 80' lang='lat' dir='ltr'>neceffatia</span> <span class='ocrx_word' id='word_1_142' title='bbox 461 2201 530 2255; x_wconf 89' lang='lat' dir='ltr'>unt,</span> <span class='ocrx_word' id='word_1_143' title='bbox 549 2201 580 2243; x_wconf 82' lang='lat' dir='ltr'>ut</span> <span class='ocrx_word' id='word_1_144' title='bbox 596 2181 767 2263; x_wconf 84' lang='lat' dir='ltr'>Chrysippo</span> <span class='ocrx_word' id='word_1_145' title='bbox 785 2185 894 2265; x_wconf 86' lang='lat' dir='ltr'>placet,</span> <span class='ocrx_word' id='word_1_146' title='bbox 908 2187 968 2247; x_wconf 64' lang='lat' dir='ltr'>dise</span> 
     </span>
     <span class='ocr_line' id='line_1_23' title="bbox 278 2261 962 2346; baseline 0.004 -22"><span class='ocrx_word' id='word_1_147' title='bbox 278 2265 412 2333; x_wconf 72' lang='lat' dir='ltr'>sentienti</span> <span class='ocrx_word' id='word_1_148' title='bbox 435 2285 452 2324; x_wconf 93' lang='lat' dir='ltr'>a</span> <span class='ocrx_word' id='word_1_149' title='bbox 471 2262 604 2345; x_wconf 84' lang='lat' dir='ltr'>magistro</span> <span class='ocrx_word' id='word_1_150' title='bbox 626 2261 791 2338; x_wconf 84' lang='lat' dir='ltr'>Cleanthe,</span> <span class='ocrx_word' id='word_1_151' title='bbox 814 2267 880 2346; x_wconf 88' lang='lat' dir='ltr'>quia</span> <span class='ocrx_word' id='word_1_152' title='bbox 898 2264 962 2328; x_wconf 88' lang='lat' dir='ltr'>sunt</span> 
     </span>
     <span class='ocr_line' id='line_1_24' title="bbox 278 2342 969 2425; baseline 0.007 -19"><span class='ocrx_word' id='word_1_153' title='bbox 278 2345 488 2415; x_wconf 84' lang='lat' dir='ltr'>immutabilia,</span> <span class='ocrx_word' id='word_1_154' title='bbox 502 2363 557 2404; x_wconf 89' lang='lat' dir='ltr'>nec</span> <span class='ocrx_word' id='word_1_155' title='bbox 571 2345 600 2404; x_wconf 91' lang='lat' dir='ltr'>in</span> <span class='ocrx_word' id='word_1_156' title='bbox 619 2342 719 2403; x_wconf 82' lang='lat' dir='ltr'>falsum</span> <span class='ocrx_word' id='word_1_157' title='bbox 737 2365 754 2406; x_wconf 89' lang='lat' dir='ltr'>e</span> <span class='ocrx_word' id='word_1_158' title='bbox 770 2363 843 2407; x_wconf 87' lang='lat' dir='ltr'>vero</span> <span class='ocrx_word' id='word_1_159' title='bbox 860 2364 969 2425; x_wconf 59' lang='lat' dir='ltr'>prante·⁸</span> 
     </span>
     <span class='ocr_line' id='line_1_25' title="bbox 278 2423 963 2506; baseline -0.006 -19"><span class='ocrx_word' id='word_1_160' title='bbox 278 2426 335 2487; x_wconf 78' lang='lat' dir='ltr'>rita</span> <span class='ocrx_word' id='word_1_161' title='bbox 356 2423 470 2506; x_wconf 81' lang='lat' dir='ltr'>poliunt</span> <span class='ocrx_word' id='word_1_162' title='bbox 486 2423 646 2504; x_wconf 71' lang='lat' dir='ltr'>converti)</span> <span class='ocrx_word' id='word_1_163' title='bbox 660 2426 684 2483; x_wconf 91' lang='lat' dir='ltr'>si</span> <span class='ocrx_word' id='word_1_164' title='bbox 702 2426 787 2503; x_wconf 81' lang='lat' dir='ltr'>igitur</span> <span class='ocrx_word' id='word_1_165' title='bbox 805 2426 884 2503; x_wconf 91' lang='lat' dir='ltr'>quod</span> <span class='ocrx_word' id='word_1_166' title='bbox 903 2429 963 2503; x_wconf 83' lang='lat' dir='ltr'>pri·</span> 
     </span>
     <span class='ocr_line' id='line_1_26' title="bbox 279 2501 967 2575; baseline 0 -9"><span class='ocrx_word' id='word_1_167' title='bbox 279 2526 362 2567; x_wconf 86' lang='lat' dir='ltr'>mum</span> <span class='ocrx_word' id='word_1_168' title='bbox 374 2509 404 2564; x_wconf 93' lang='lat' dir='ltr'>in</span> <span class='ocrx_word' id='word_1_169' title='bbox 420 2524 555 2564; x_wconf 83' lang='lat' dir='ltr'>connexo</span> <span class='ocrx_word' id='word_1_170' title='bbox 574 2501 632 2574; x_wconf 76' lang='lat' dir='ltr'>est,</span> <span class='ocrx_word' id='word_1_171' title='bbox 646 2501 831 2562; x_wconf 79' lang='lat' dir='ltr'>neceffarium</span> <span class='ocrx_word' id='word_1_172' title='bbox 849 2501 912 2575; x_wconf 83' lang='lat' dir='ltr'>est3</span> <span class='ocrx_word' id='word_1_173' title='bbox 929 2501 967 2566; x_wconf 79' lang='lat' dir='ltr'>fit</span> 
     </span>
     <span class='ocr_line' id='line_1_27' title="bbox 280 2580 967 2664; baseline 0.001 -19"><span class='ocrx_word' id='word_1_174' title='bbox 280 2587 369 2654; x_wconf 80' lang='lat' dir='ltr'>etiam</span> <span class='ocrx_word' id='word_1_175' title='bbox 401 2584 482 2664; x_wconf 90' lang='lat' dir='ltr'>quod</span> <span class='ocrx_word' id='word_1_176' title='bbox 515 2582 696 2662; x_wconf 77' lang='lat' dir='ltr'>consequitur</span> <span class='ocrx_word' id='word_1_177' title='bbox 721 2626 732 2654; x_wconf 91' lang='lat'>‚</span> <span class='ocrx_word' id='word_1_178' title='bbox 765 2580 967 2646; x_wconf 72' lang='lat' dir='ltr'>necellarium·¹</span> 
     </span>
     <span class='ocr_line' id='line_1_28' title="bbox 279 2660 962 2745; baseline -0.004 -19"><span class='ocrx_word' id='word_1_179' title='bbox 279 2665 468 2745; x_wconf 83' lang='lat' dir='ltr'>Quamquam</span> <span class='ocrx_word' id='word_1_180' title='bbox 492 2663 549 2723; x_wconf 86' lang='lat' dir='ltr'>hoc</span> <span class='ocrx_word' id='word_1_181' title='bbox 572 2660 744 2741; x_wconf 84' lang='lat' dir='ltr'>Chrysippo</span> <span class='ocrx_word' id='word_1_182' title='bbox 766 2683 826 2722; x_wconf 81' lang='lat' dir='ltr'>noo</span> <span class='ocrx_word' id='word_1_183' title='bbox 848 2662 962 2725; x_wconf 78' lang='lat' dir='ltr'>videtur</span> 
     </span>
     <span class='ocr_line' id='line_1_29' title="bbox 278 2740 964 2815; baseline -0.012 -8"><span class='ocrx_word' id='word_1_184' title='bbox 278 2747 378 2807; x_wconf 79' lang='lat' dir='ltr'>valete</span> <span class='ocrx_word' id='word_1_185' title='bbox 392 2746 422 2803; x_wconf 92' lang='lat' dir='ltr'>in</span> <span class='ocrx_word' id='word_1_186' title='bbox 440 2743 585 2804; x_wconf 87' lang='lat' dir='ltr'>omnihus.</span> <span class='ocrx_word' id='word_1_187' title='bbox 604 2740 662 2802; x_wconf 86' lang='lat' dir='ltr'>Sed</span> <span class='ocrx_word' id='word_1_188' title='bbox 678 2757 796 2815; x_wconf 86' lang='lat' dir='ltr'>tameo,</span> <span class='ocrx_word' id='word_1_189' title='bbox 811 2744 834 2801; x_wconf 88' lang='lat' dir='ltr'>si</span> <span class='ocrx_word' id='word_1_190' title='bbox 848 2756 964 2800; x_wconf 85' lang='lat' dir='ltr'>natura-</span> 
     </span>
     <span class='ocr_line' id='line_1_30' title="bbox 278 2821 967 2897; baseline -0.009 -10"><span class='ocrx_word' id='word_1_191' title='bbox 278 2825 314 2886; x_wconf 82' lang='lat' dir='ltr'>lis</span> <span class='ocrx_word' id='word_1_192' title='bbox 329 2822 370 2886; x_wconf 81' lang='lat' dir='ltr'>est</span> <span class='ocrx_word' id='word_1_193' title='bbox 386 2822 488 2894; x_wconf 82' lang='lat' dir='ltr'>causa,</span> <span class='ocrx_word' id='word_1_194' title='bbox 505 2844 554 2897; x_wconf 77' lang='lat' dir='ltr'>tur</span> <span class='ocrx_word' id='word_1_195' title='bbox 569 2825 599 2880; x_wconf 84' lang='lat' dir='ltr'>in</span> <span class='ocrx_word' id='word_1_196' title='bbox 617 2823 689 2881; x_wconf 87' lang='lat' dir='ltr'>mari</span> <span class='ocrx_word' id='word_1_197' title='bbox 703 2821 808 2881; x_wconf 83' lang='lat' dir='ltr'>Fabius</span> <span class='ocrx_word' id='word_1_198' title='bbox 823 2839 883 2878; x_wconf 93' lang='lat' dir='ltr'>non</span> <span class='ocrx_word' id='word_1_199' title='bbox 897 2839 967 2881; x_wconf 80' lang='lat' dir='ltr'>mo·</span> 
     </span>
     <span class='ocr_line' id='line_1_31' title="bbox 280 2895 919 2978; baseline -0.017 -10"><span class='ocrx_word' id='word_1_200' title='bbox 280 2905 387 2973; x_wconf 82' lang='lat' dir='ltr'>tiator,</span> <span class='ocrx_word' id='word_1_201' title='bbox 401 2905 431 2962; x_wconf 90' lang='lat' dir='ltr'>in</span> <span class='ocrx_word' id='word_1_202' title='bbox 445 2905 516 2962; x_wconf 88' lang='lat' dir='ltr'>mari</span> <span class='ocrx_word' id='word_1_203' title='bbox 531 2901 635 2962; x_wconf 87' lang='lat' dir='ltr'>Fabius</span> <span class='ocrx_word' id='word_1_204' title='bbox 650 2901 725 2961; x_wconf 88' lang='lat' dir='ltr'>mori</span> <span class='ocrx_word' id='word_1_205' title='bbox 739 2919 799 2959; x_wconf 92' lang='lat' dir='ltr'>non</span> <span class='ocrx_word' id='word_1_206' title='bbox 815 2895 919 2978; x_wconf 85' lang='lat' dir='ltr'>potest.</span> 
     </span>
    </p>
   </div>
   <div class='ocr_carea' id='block_1_3' title="bbox 319 2975 970 3073">
    <p class='ocr_par' dir='ltr' id='par_1_3' title="bbox 319 2975 970 3073">
     <span class='ocr_line' id='line_1_32' title="bbox 319 2975 970 3073; baseline 0.002 -29"><span class='ocrx_word' id='word_1_207' title='bbox 319 2981 351 3073; x_wconf 93' lang='grc' dir='ltr'>Υ</span> <span class='ocrx_word' id='word_1_208' title='bbox 359 2979 425 3047; x_wconf 71' lang='lat' dir='ltr'>Ill.</span> <span class='ocrx_word' id='word_1_209' title='bbox 453 2982 522 3053; x_wconf 83' lang='lat' dir='ltr'>Hoc</span> <span class='ocrx_word' id='word_1_210' title='bbox 546 2982 615 3045; x_wconf 85' lang='lat' dir='ltr'>loco</span> <span class='ocrx_word' id='word_1_211' title='bbox 635 2979 819 3064; x_wconf 82' lang='lat' dir='ltr'>Chrysippus</span> <span class='ocrx_word' id='word_1_212' title='bbox 842 2975 970 3045; x_wconf 71' lang='lat' dir='ltr'>aestuant.</span> 
     </span>
    </p>
   </div>
   <div class='ocr_carea' id='block_1_4' title="bbox 0 0 1360 4017">
    <p class='ocr_par' dir='ltr' id='par_1_4' title="bbox 0 0 1360 4017">
     <span class='ocr_line' id='line_1_33' title="bbox 0 0 1360 4017; baseline 0 0"><span class='ocrx_word' id='word_1_213' title='bbox 0 0 1360 4017; x_wconf 95' lang='lat' dir='ltr'> </span> 
     </span>
    </p>
   </div>
  </div>
 </body>
</html>
