2709 4017
375 491 377 495 ’
412 511 582 575 Liuan'
604 481 827 576 prinus(
884 516 961 602 349

276 628 343 682 rt'e‘m
361 618 478 680 summis
496 619 694 702 Peripateticis
713 618 810 697 judico
832 665 841 694 ,
861 621 965 682 iisdem

276 703 365 762 rebus
383 699 617 776 fidem-tribuit,
644 701 753 781 reliqua
779 701 966 765 divinationis·

277 800 387 864 genera
405 780 517 861 reiecit.
747 792 751 797 '
961 854 966 863 Ι

320 860 350 922 6.
371 860 431 922 Sed
451 882 538 943 quum
554 859 646 920 Stoici
658 863 756 921 omnia
773 859 834 921 fere
849 863 896 922 illa
911 863 966 923 de·

276 939 450 1014 sendetent,
491 943 549 1001 uod
565 941 597 1000 &
611 940 693 1001 Zeno
704 945 733 1000 in
746 941 800 1001 suis
811 935 978 1003 c'otumen-v

276 1023 356 1081 tariis
376 1025 457 1104 quasi
471 964 579 1083 semina
597 1022 727 1101 quaedam
745 1021 904 1102 sparsisset,
932 1024 964 1083 δε

278 1120 314 1176 ea
328 1100 485 1163 Cleanthes
510 1102 597 1183 p‘a'ulb
615 1101 748 1162 uberiora
768 1101 895 1173 secillet3
914 1122 964 1164 at-

277 1186 366 1243 c'essit
389 1186 529 1242 acerrimo
554 1186 598 1240 vir
618 1184 737 1264 ingenio
756 1181 965 1264 Chrysippus-5

277 1263 329 1344 qui
342 1280 436 1323 totam
448 1264 484 1322 de
499 1264 675 1324 divinatione
688 1264 801 1323 duobus
820 1266 896 1323 libris
907 1285 964 1324 ex·

277 1342 397 1424 plicavit
416 1343 605 1414 sententiani,
623 1363 682 1402 uno
697 1360 836 1424 praeterea
849 1344 885 1404 de
899 1365 965 1405 ora·

278 1423 369 1497 tulis,
387 1445 447 1483 uno
465 1424 502 1484 de
516 1423 632 1483 somniis
647 1443 657 1494 ;
673 1444 759 1503 quem
773 1421 962 1505 subsequens,

277 1523 368 1564 unum
385 1505 489 1564 librum
504 1504 683 1583 Babylonius
694 1503 844 1587 Diogenes
856 1506 964 1580 edidit,

277 1581 342 1663 ejus
367 1585 508 1644 auditor:
542 1584 600 1644 duo
625 1587 806 1666 Antipater:
833 1583 980 1667 quinque¹

276 1664 376 1726 noster
400 1664 595 1725 Possidonius.
625 1665 684 1725 Sed
712 1688 728 1724 a
756 1665 886 1741 Stoicis,
913 1667 964 1727 vel

276 1746 411 1826 princeps
431 1744 492 1822 ejus
515 1745 687 1824 disciplina,
705 1744 867 1809 Possidonii
888 1747 963 1807 doc-

276 1841 355 1899 tor,
388 1822 538 1905 discipulus
565 1827 741 1904 Antipatri,
774 1825 963 1906 degeneravit

277 1904 419 1966 Panaetius
432 1926 441 1977 ;
463 1925 517 1964 nec
528 1922 625 1964 tamen
639 1904 719 1963 ausus
733 1903 772 1964 est
783 1920 889 1986 negate
901 1909 962 1966 vim

278 1984 337 2047 elle
351 1986 518 2059 divinandi,
536 1983 585 2045 sed
598 1985 729 2044 dubitare
739 1984 767 2044 se
778 1985 858 2044 dixit.
869 1985 964 2063 Quod
1078 1981 1081 1988 ’

278 2067 321 2126 illi
336 2069 365 2126 in
382 2066 475 2147 aliqua
490 2086 521 2125 re
534 2110 543 2137 ,
556 2066 731 2124 invitissimis
750 2063 872 2138 Stoicis,
891 2066 964 2126 Stoi·

278 2167 317 2208 co
342 2144 438 2206 facere
464 2146 541 2206 licuit
562 2189 571 2218 ‚
600 2145 652 2217 id,
672 2163 705 2204 ut
723 2166 778 2206 nos
800 2147 830 2204 in
848 2147 963 2227 reliquis

278 2227 365 2288 rebus
374 2225 530 2299 faciamus,
545 2248 562 2283 a
571 2225 675 2285 Stoicis
688 2247 748 2286 non
763 2226 963 2287 concedetur?

302 2306 446 2376 raesertim,
456 2327 545 2386 quum
560 2306 609 2381 id,
631 2306 668 2366 de
684 2327 742 2387 quo
757 2306 885 2367 Panaetio
900 2329 962 2369 non

277 2328 400 2468 Equet,
431 2387 545 2468 reliquis
569 2385 698 2466 ejusdem
724 2386 875 2468 disciplinae
897 2389 963 2450 solis

278 2467 344 2528 luce
371 2468 501 2527 videatur
527 2468 638 2526 clarius.
669 2467 733 2545 *Sed
756 2468 817 2527 haec
844 2470 961 2548 quidem

277 2547 340 2608 laus
352 2547 539 2620 Academiae,
558 2546 779 2626 praestantissimi
798 2547 964 2630 philosophi

280 2627 390 2708 judicio
407 2629 439 2687 &
456 2624 620 2687 testimonio
633 2627 828 2707 comprobata,
844 2627 894 2688 est.
958 2646 961 2653 ·

319 2706 376 2768 IV.
397 2707 512 2768 Etenim
524 2705 666 2768 nobismet
678 2710 747 2788 ipsis
756 2708 964 2789 quaerentibus,

278 2789 349 2870 quid
363 2792 398 2848 sit
413 2788 450 2847 de
466 2789 644 2849 divinatione
659 2786 864 2868 judicandum,
883 2789 963 2868 qubd
978 2857 979 2861 η

279 2891 297 2927 a
310 2866 463 2929 Carneade
481 2868 570 2928 multa
587 2870 670 2930 acuti
685 2871 716 2930 &
732 2870 850 2949 copiosi
862 2886 962 2928 contra

280 2946 453 3022 Stoicosdis
468 2966 547 3008 utata
565 2951 639 3023 sint,
658 2948 899 3029 verentibusque,
923 2967 962 3008 nu

279 3030 391 3090 temeti
408 2971 547 3092 velsalsae
564 3032 625 3104 rei,
642 3031 693 3092 vel
708 3051 768 3092 nou
782 3028 845 3090 satis
857 3031 962 3110 cogni·
