2709 4017
405 528 478 603 3¹2
510 508 575 575 Da
603 520 778 574 vAruaA
804 511 1040 593 nronurrj·

402 642 497 685 rerum
513 621 754 692 inanimatarum,
773 634 805 678 ut
817 617 923 701 Argo,
936 636 970 680 ut
982 618 1091 696 Aramj

402 719 434 765 ut
446 701 608 763 Coronam.

443 802 492 855 41.
514 780 573 842 Sed
598 796 630 840 ut
647 778 710 838 haee
729 777 951 854 concedantur,
983 783 1092 864 reliqua

401 862 451 942 qui
463 861 579 921 tandem
599 881 660 921 non
678 859 771 918 modi>
787 860 935 934 concedi,
954 859 1007 942 sed
1026 884 1091 923 om·

402 945 472 1002 nino
493 942 614 1020 intelligi
639 937 774 1020 poliunt?
795 960 885 1020 quum
902 938 1024 1023 fruges,
1046 946 1094 1004 Ce-

402 1045 505 1094 rerem,
523 1024 643 1090 vinum,
667 1021 793 1079 Liberum
816 1019 964 1093 dicimus,
987 1041 1094 1104 genere

401 1124 458 1163 nos
477 1102 593 1182 quidem
612 1100 749 1160 sermonis
768 1101 876 1159 utimur
892 1102 1002 1165 usitato
1018 1122 1030 1175 ;
1046 1102 1095 1163 sed

403 1203 526 1262 ecquem
542 1200 601 1243 tam
623 1198 771 1241 amentem
789 1178 847 1240 esse
863 1197 950 1260 putas
961 1185 1042 1263 „qui
1060 1183 1096 1243 il·

404 1264 483 1334 lud,
512 1284 572 1343 quo
597 1261 726 1322 vescatur
746 1303 755 1332 ‚
775 1260 862 1320 deum
888 1262 992 1321 credar
1010 1260 1093 1323 esse?

405 1343 485 1403 Nam
507 1364 580 1423 quos
596 1343 633 1402 ab
650 1339 814 1401 hominibus
837 1339 1004 1420 pervenisse
1025 1344 1095 1403 dicis

406 1425 442 1486 ad
460 1425 559 1497 deos,
588 1441 619 1481 tu
636 1422 742 1482 reddes
761 1423 928 1495 rationem,
949 1424 1096 1503 quemad-

403 1505 527 1569 modum
544 1505 623 1563 idem
641 1500 704 1562 fieri
722 1504 871 1582 potuerit,
886 1519 935 1563 aut
959 1524 1013 1563 cur.
1034 1502 1095 1565 sieri

408 1587 548 1654 desierit,
581 1584 612 1641 ἃ
638 1603 696 1662 ego
721 1581 826 1643 discam
850 1582 1002 1644 libenter:
1022 1606 1096 1666 quo·

408 1663 589 1723 modo.nunc
603 1663 721 1742 quidem
740 1661 780 1722 est
793 1708 803 1734 ‚
817 1682 878 1721 non
901 1664 1018 1739 video,
1037 1686 1096 1746 quo

408 1743 493 1824 padio
509 1744 577 1814 ille,
598 1744 643 1801 cui
659 1745 688 1803 in
709 1762 797 1803 monce
809 1746 903 1803 orreo
915 1744 1008 1805 illata
1025 1746 1097 1805 laru-

404 1827 494 1906 pudes
513 1822 644 1903 fierint,
670 1840 702 1882 ut
726 1829 764 1882 ait
791 1822 919 1895 Accius,
940 1826 973 1885 in
991 1827 1095 1885 domun

406 1926 533 1966 aternam
553 1907 643 1986 patris
666 1903 769 1965 exilio
789 1903 892 1963 ardore
911 1908 1095 1984 pervenerit:

408 2007 498 2066 quem
514 2005 612 2047 tamen
626 1985 773 2045 Homerus
786 1985 940 2043 conveniri
956 1986 1036 2067 apud
1051 1988 1094 2046 in·

409 2066 487 2127 seros
506 2065 573 2125 facit
592 2068 628 2124 ab
650 2064 776 2146 Ulylle,
803 2067 875 2125 sicut
889 2078 1031 2141 eeteros,
1049 2066 1094 2149 qui

409 2146 585 2208 excesserant
601 2147 671 2207 vitai.

403 2282 406 2287 .
449 2248 498 2299 42.
520 2227 708 2307 Quamquam
720 2246 806 2307 quem
823 2226 1012 2305 potissimum
1023 2226 1094 2289 Her·

409 2308 505 2365 culem
526 2306 674 2379 colamus,
695 2304 764 2366 scire
780 2306 844 2366 sane
862 2307 978 2367 velim:
1002 2308 1094 2390 plures

410 2390 486 2445 enim
504 2386 619 2444 tradunt
631 2388 714 2445 nuliis
725 2388 765 2457 ii,
786 2391 834 2467 qui
848 2387 1005 2449 interiores
1021 2387 1096 2451 scru-

409 2483 505 2526 tantur
525 2467 739 2527 &reconditas
765 2467 873 2526 litteras
893 2487 900 2525 :
932 2470 1096 2551 antiquissi-

410 2568 519 2620 mum,
546 2547 622 2608 Jove
654 2565 782 2617 natum,
812 2546 863 2606 sed
895 2551 957 2608 anti
979 2551 1094 2611 nissimo

408 2629 478 2687 item
498 2627 589 2689 Jove:
610 2650 676 2688 nam
700 2627 791 2688 Ioves
812 2648 932 2708 quoque
951 2570 1052 2710 plures
1068 2632 1095 2689 in

409 2707 504 2788 priscis
530 2707 701 2769 Graecorum
727 2709 828 2767 litteris
855 2709 1036 2772 invenimus.
1055 2708 1096 2771 Ex

408 2810 447 2849 eo
460 2790 545 2869 igitur
560 2791 590 2849 dt
613 2789 714 2868 Lisyto
732 2786 807 2848 estis
825 2788 994 2864 Hercules,
1011 2810 1095 2873 quent

409 2868 614 2931 concertrvisle
634 2890 698 2928 cum
712 2868 849 2948 Apolline
862 2869 899 2929 de
911 2873 1036 2952 tripode
1047 2894 1096 2935 ae·

409 2953 552 3030 cepimus:
564 2951 635 3008 alter
644 2948 764 3007 traditur
777 2948 847 3008 Nilo
863 2969 949 3010 natus
960 2996 972 3026 ‚
984 2954 1098 3037 AEgyp

408 3032 463 3090 tius
482 3050 493 3105 3
518 3048 606 3112 quem
632 3028 712 3091 aiunt
733 3027 874 3112 Phrygias
894 3031 1010 3093 litteras
1028 3054 1099 3095 con·

940 3112 1096 3198 scripsisse.
