2709 4017
420 506 493 579 ¹42
534 487 597 554 Da
621 503 792 554 narona
819 503 1024 576 proavia,

412 603 443 660 in
463 599 611 669 tenebris,
634 615 782 679 tamquam
800 601 829 658 in
849 598 1020 680 gurgustio,
1045 599 1104 661 ha·

413 680 566 739 bitaverat.
597 677 662 738 Post
690 696 788 738 autem
820 683 998 741 varietatene
1030 700 1103 743 eunt

413 759 549 818 delellari
573 776 726 838 putamus,
747 758 803 838 qud
826 759 932 818 coelum
957 760 1103 821 &terras

412 857 568 900 exornatas
585 839 718 907 videmus
737 837 748 897 ἓ
779 859 843 918 quae
858 837 908 897 ista
922 838 1020 919 potest
1042 840 1102 902 elle

413 918 569 978 oblellatio
586 918 666 978 deo?
706 940 748 976 uae
763 919 786 977 si
798 916 885 990 effer,
899 940 960 979 non
975 921 1011 980 eal
1023 938 1102 982 tam·

415 999 465 1058 diu
484 1018 582 1058 carere
603 939 749 1078 potuillet.

458 1096 506 1156 23.
523 1076 571 1136 An
588 1079 669 1151 haec,
684 1095 715 1136 ut
730 1076 791 1137 fere
811 1077 925 1150 dicitis,
944 1075 1102 1155 hominum

416 1158 503 1218 causa
522 1179 539 1217 a
558 1159 616 1218 deo
633 1156 785 1217 constituta
801 1155 886 1216 sunt?
913 1155 1101 1237 Sapientem-

416 1237 475 1297 ne?
495 1255 615 1316 propter
637 1258 744 1318 paucos
766 1258 837 1318 ergo
860 1253 939 1296 tanta
963 1235 1004 1297 est
1024 1236 1103 1300 fabia

414 1337 512 1378 rerum
532 1319 653 1377 molitio.
672 1316 722 1377 An
738 1315 911 1377 stultorum?
927 1332 956 1375 at
970 1318 1104 1396 primurn

417 1395 499 1457 causa
525 1419 586 1457 non
611 1396 694 1467 fuit,
722 1418 771 1456 cur
796 1397 833 1456 de
855 1397 994 1476 improbis
1020 1396 1102 1460 bene

418 1494 602 1538 mereretur:
632 1476 738 1536 deinde
765 1477 834 1556 quid
861 1475 901 1536 est
932 1473 1103 1550 assecutus,

417 1577 507 1635 quum
525 1574 627 1616 omnes
641 1555 716 1614 stulti
736 1559 791 1614 sint
813 1559 874 1616 sine
893 1556 981 1616 dubio
1000 1556 1103 1617 miser·

417 1637 503 1705 rimi;
525 1635 650 1694 maxime
668 1635 748 1714 quod
770 1634 845 1694 stulti
864 1635 950 1696 sunt:
973 1634 1102 1698 miserius

353 1790 355 1793 v
417 1715 497 1782 enim
530 1713 645 1773 stultitial
681 1714 750 1795 quid
782 1714 927 1795 polsumus
967 1717 1101 1778 dicere?

418 1792 524 1854 deinde
551 1793 631 1874 quod
651 1794 743 1854 multa
769 1794 831 1855 sunt
860 1797 1051 1856 incommoda
1071 1799 1102 1857 in

418 1877 500 1948 vita,
516 1889 549 1932 ut
562 1893 597 1934 ea
613 1872 753 1954 sapientes
775 1877 999 1936 commodorum
1017 1897 1104 1936 com·

417 1953 587 2035 pensatione
611 1953 741 2030 leniant,
759 1953 832 2014 stulti
853 1976 907 2016 nec
927 1959 1021 2017 vitare
1033 1976 1103 2018 ve-

418 2035 528 2094 nientia
547 2032 681 2113 possunt,
701 2055 756 2095 nec
771 2033 846 2094 ferre
861 2033 1020 2112 praesentia.

460 2114 500 2173 Χ.
523 2112 587 2191 Qui
609 2114 682 2172 verb
699 2113 838 2172 mundum
860 2113 951 2189 ipsum
970 2118 1104 2176 animan·

420 2210 482 2254 tem
511 2191 726 2273 sapientemque
750 2190 806 2251 elle
831 2190 988 2265 dixerunt,
1020 2196 1103 2257 nullo

420 2273 513 2333 modo
533 2271 666 2329 viderunt
686 2272 773 2329 animi
789 2287 917 2328 naturam
936 2271 1104 2356 intelligen-

421 2356 478 2423 tis,
497 2353 526 2409 in
548 2369 634 2429 quam
656 2346 901 2429 figuram'cadere
925 2350 1039 2430 pollet:
1063 2355 1103 2427 de

421 2451 481 2511 quo
507 2429 601 2487 dicam
629 2428 765 2507 equidem
791 2431 877 2509 paulo
903 2430 979 2511 post.
1013 2431 1101 2495 Nunc

420 2526 519 2569 autem
540 2507 677 2576 ,haelenus
696 2510 860 2570 admirabor
886 2531 987 2571 eorum
1007 2514 1102 2573 tardi-

419 2605 531 2662 tatem,
546 2591 593 2667 qui
612 2592 807 2663 animantem,
827 2592 1045 2665 immortalem,
1066 2593 1101 2655 δι

421 2668 558 2728 eumdem
580 2669 718 2741 beatum,
735 2672 891 2730 rotundum
908 2667 964 2731 elle
983 2671 1101 2747 velint,

420 2749 479 2888 pud
498 2745 593 2806 forma
614 2765 701 2830 neget
720 2751 807 2810 ullam
826 2751 881 2811 elle
905 2751 1101 2831 pulchriorem

445 2829 514 2887 lato.
531 2827 572 2886 At
589 2829 657 2887 mihi
671 2829 720 2889 vel
736 2831 875 2910 cylindri,
888 2833 936 2891 vel
952 2831 1099 2910 quadrati,

421 2909 470 2968 vel
487 2910 577 2979 coni,
599 2910 648 2967 vel
666 2910 822 2989 pyramidis
837 2910 953 2971 videtur
967 2908 1023 2971 elle
1041 2910 1101 2985 for-

422 2991 543 3050 mosior.
564 2987 641 3072 Quae
660 2989 733 3053 verb
754 2990 885 3051 tribuitur
903 2993 963 3055 vita
983 2988 1025 3050 isti
1049 3011 1100 3052 ro·
