2709 4017
393 537 470 639 “272
505 533 572 613 Dr
594 558 770 614 remma
794 538 1007 634 unorum

392 653 398 740 ζ
436 660 502 740 136.
523 659 582 722 Sed
592 681 681 742 quum
694 659 792 741 aspera
800 653 903 722 arteria
919 661 932 744 (
946 665 986 722 sic
1001 660 1082 725 eniul

391 754 411 801 a
439 740 559 801 medicis
588 741 779 823 appellatur)
809 741 913 804 ostium
946 743 1082 819 lrabeat,

391 819 558 899 adjonstum
584 822 686 905 liuguae
704 822 845 882 radicibus
857 820 870 897 ,⁴
889 824 977 905 paulo
998 823 1083 905 sopri

391 901 478 987 quam
503 903 540 960 ad
564 901 690 985 linguam
713 900 876 963 stomachus
899 895 1087 980 anneilitur3·

392 988 484 1061 ea'que
501 981 537 1041 ad
555 983 708 1062 pulmones
726 983 814 1064 usque
833 986 1002 1065 pertineat,
1026 1000 1084 1046 ert-³.

391 1063 536 1144 cipiatque
559 1065 683 1139 animam
715 1079 808 1138 eam',
841 1080 908 1146 quae·
933 1063 1019 1125 dulia
1046 1066 1084 1125 sit

391 1141 509 1222 spiritu,
528 1143 720 1224 eamdemque
744 1162 761 1203 a
781 1144 968 1224 pulmonibus
989 1141 1084 1225 respi-

392 1240 460 1296 ret,
496 1225 528 1284 &
555 1223 658 1303 reddat
681 1243 690 1296 ;
719 1224 824 1306 tegitur
846 1224 974 1303 quodum
1002 1220 1084 1306 quasi

392 1324 413 1362 o
435 1305 557 1378 erculo,
583 1305 662 1386 quod
689 1302 728 1363 ob
751 1318 815 1364 eam
842 1303 954 1364 causam
981 1302 1084 1365 damin

393 1324 455 1458 ei,
477 1404 541 1458 ue,
569 1386 592 1443 si
617 1383 686 1466 quid
705 1380 735 1443 in
755 1400 820 1444 eam
840 1383 895 1443 cibi
914 1384 991 1444 forte
1009 1385 1084 1463 inci-J

393 1463 495 1538 diuet,
514 1464 623 1545 spiritus
635 1464 832 1544 impediretur.
850 1463 909 1524 Sed
923 1482 1013 1545 quum
1025 1464 1085 1526 alvi

393 1561 491 1604 natura
503 1591 513 1619 ,
527 1543 655 1622 subjecta·
663 1542 833 1618 stomacho,
852 1542 908 1604 cibi
925 1545 958 1604 &
976 1545 1082 1625 potio⁴

393 1625 438 1682 nis
463 1626 499 1682 sit
522 1623 759 1704 receptaculum
778 1624 931 1703 pulmones
956 1640 1082 1705 autem,

394 1703 427 1764 &
451 1723 502 1762 cor
526 1703 697 1764 extrinsecus
716 1702 843 1783 spiritum
862 1703 1027 1765 adducant:
1052 1707 1083 1765 in

394 1783 463 1844 alvo
486 1785 576 1844 multa
594 1784 657 1845 sunt
676 1785 843 1844 mirabiliter
867 1780 993 1858 enema,
1019 1800 1084 1866 quae

395 1861 505 1935 [constat
534 1863 594 1925 fere
622 1886 639 1925 e
665 1865 772 1925 nervis.
797 1861 847 1922 Est
869 1881 967 1924 autem
987 1864 1085 1926 multi·

393 1936 483 2026 pler,
503 1945 534 2005 &
544 1943 693 2018 tortuosa,
708 1960 862 2025 arcetque,
886 1944 918 2004 &
932 1946 1084 2021 continet,

395 2026 459 2084 ‘aive
484 2025 554 2084 illud
581 2025 692 2084 aridum
718 2022 784 2096 est,
814 2026 875 2082 sive
902 2023 1083 2101 humidum,

396 2104 478 2186 quod
503 2107 630 2183 recipit,
657 2122 688 2165 ut
711 2104 740 2162 id
762 2103 916 2167 mutari&
940 2104 1084 2243 concopd

316 2232 320 2249 ,
395 2187 505 2264 possit:
529 2205 620 2264 eaque
634 2201 696 2243 tum
717 2180 818 2245 adstrin
840 2186 915 2258 itur,
933 2199 995 2244 tum
1011 2205 1042 2244 re
1054 2206 1084 2243 a·

396 2282 480 2324 xatur
493 2307 502 2335 ,
517 2281 601 2343 atque
623 2285 733 2334 omne,
773 2204 838 2323 uo}
851 2265 986 2344 accepit,
1005 2265 1084 2347 cogit

397 2346 430 2403 ὃ(
448 2341 621 2415 confundit3
643 2361 675 2402 ut
697 2285 780 2402 facili
803 2344 834 2404 &
854 2342 975 2418 calore,
996 2340 1084 2425 quem

396 2423 519 2484 multum
537 2423 623 2483 habet
649 2419 809 2485 exterendo
822 2420 921 2497 cibo,
951 2425 983 2484 &
1008 2430 1085 2504 praess

396 2522 477 2563 terea
494 2503 591 2583 spiritu
608 2509 707 2564 omnia
724 2504 824 2575 cotia,
846 2520 933 2584 atque
953 2500 1085 2567 confetta'

397 2586 427 2644 in
446 2585 588 2667 reliquum
607 2584 896 2666 corpusdividantur.

438 2665 504 2725 LV.
526 2665 559 2725 In
597 2666 762 2726 ulmonibus
781 2681 878 2723 autem
895 2663 968 2724 inest
984 2664 1083 2726 raritas¹

397 2746 549 2828 quadam,
616 2744 744 2805 assimilis
762 2742 886 2827 spongiis
905 2745 1082 2818 mollitudo,

398 2828 436 2886 ad
461 2825 648 2887 hauriendum
673 2824 802 2905 spiritum
827 2825 1003 2905 aptissima:
1036 2820 1086 2907 qui

398 2925 459 2966 tum
475 2908 503 2968 se
522 2906 694 2966 contrahunt
710 2905 905 2987 adspirantes,
927 2922 989 2966 tum
1005 2903 1034 2966 se
1055 2902 1084 2964 iri

397 2988 526 3069 respicito
545 2987 692 3064 dilatant,
718 3004 749 3050 ut
776 2984 942 3068 frequenter
963 2986 1085 3055 ducatur
