2709 4017
415 511 494 589 '240
531 495 597 562 ΠΕ
620 507 791 562 nurum
819 505 1026 574 ouonurr,

414 624 534 672 mantes·
551 606 628 682 elle,
650 628 706 668 nec
731 605 824 666 solum
846 609 1031 684 animantes,
1051 608 1101 670 sed

416 691 503 750 etiam
517 692 799 768 rationis-compotes
810 728 819 760 ‚
829 687 904 748 inter
917 687 1005 781 leque
1018 692 1102 769 quasi

413 770 490 828 civili
503 772 705 830 conciliatione
720 767 894 828 &societate
905 770 1100 848 conjundlos,

358 887 360 891 -
413 871 502 908 unum
525 852 690 925 mundum,
716 866 747 907 ut
772 869 959 909 communem
978 870 1102 932 rempu-

412 929 521 989 blicam
532 951 622 1011 atque
639 930 741 988 urbem
759 930 883 1009 aliquam
900 947 1047 1011 regentes.

454 1027 505 1088 79.
526 1010 681 1092 Sequitur,
695 1027 727 1069 ut
741 1010 845 1069 eadem
862 1013 897 1069 sit
913 1014 942 1069 in
955 1013 1018 1083 his,
1036 1031 1102 1092 quae

413 1091 442 1148 in
462 1111 569 1172 genere
589 1092 716 1151 humano
726 1133 738 1162 ‚
759 1092 852 1163 ratio,
875 1091 979 1150 eadem
993 1095 1101 1151 veritas

413 1174 568 1253 utrobique
592 1169 658 1245 sit,
689 1170 850 1250 eademque
874 1171 948 1242 lex;
973 1169 1103 1252 quaeest

414 1252 484 1311 rolli
506 1253 693 1333 praeceptio,
723 1253 861 1331 pravique
890 1251 1034 1330 depulsio.
1058 1250 1103 1311 Ett'

415 1354 475 1414 quo
491 1335 675 1415 intelligitur,
693 1331 875 1411 prudentiam
900 1352 1041 1412 quoque,
1069 1332 1102 1391 &

416 1434 546 1474 mentem
563 1437 579 1473 a
593 1414 646 1472 diis
659 1413 696 1472 ad
711 1413 842 1471 homines
859 1410 1019 1490 pervenill'e
1034 1432 1044 1484 ;
1062 1413 1104 1471 ob'

416 1515 539 1573 eamque
555 1493 666 1552 causam
684 1489 826 1568 majorum
845 1489 977 1551 institutis
997 1512 1102 1565 mens,

415 1571 515 1644 fides,
538 1575 651 1643 virtus,
673 1570 850 1641 concordia,
872 1571 1050 1632 consecratae
1071 1574 1101 1632 δι

399 1651 528 1728 ,ριώΙὶεὲ
543 1650 680 1708 dedicatae
702 1647 775 1706 sunt.
795 1648 871 1725 Quae
893 1651 942 1727 qui
960 1657 1103 1714 convenit

414 1749 506 1809 penes
523 1729 594 1788 deos
611 1725 666 1788 effe
679 1746 804 1808 negare,
823 1748 911 1807 quum
927 1749 1035 1791 eorum
1055 1754 1104 1793 au·

436 1808 495 1869 usta
528 1811 561 1870 &
593 1809 686 1869 sanda
718 1809 868 1867 simulacra
900 1812 1103 1874 veneremur?

416 1831 510 1970 {Quod
522 1893 544 1950 si
565 1889 637 1951 inest
655 1892 684 1950 in
703 1889 852 1948 hominum
872 1909 981 1970 genere
998 1912 1104 1966 mens,

416 1970 509 2044 fides,
538 1974 629 2033 virtus
650 2017 660 2043 ,
682 1969 866 2041 concordia;
894 1971 1055 2049 unde-haec
1076 1977 1104 2032 in

416 2069 522 2114 terram
533 2097 542 2124 ,
555 2055 607 2111 nisi
622 2074 637 2111 a
648 2052 774 2132 superis,
786 2051 913 2110 defluere
924 2055 1103 2130 potuerunt?

416 2152 564 2212 quumque
585 2135 685 2191 sintin
707 2132 791 2190 nobis
808 2132 960 2189 consilium
980 2178 989 2203 ‚
1010 2135 1103 2206 ratio,

417 2213 592 2291 prudentia3
615 2209 725 2272 necesse
743 2209 802 2282 est,
821 2211 892 2269 deos
905 2214 964 2271 haec
983 2215 991 2271 i
1015 2213 1043 2274 sa
1056 2215 1105 2273 ha·

417 2293 488 2349 bere
499 2289 608 2366 majora
620 2335 629 2363 ,
642 2311 698 2350 nec
707 2290 813 2349 habere
826 2289 918 2350 solirrn
930 2338 940 2364 ‚
952 2234 1104 2354 sedetiam

417 2371 461 2428 his
477 2372 516 2427 uri
531 2372 558 2427 in
576 2373 706 2429 maximis
724 2370 756 2428 ὃ(
775 2374 892 2450 optimis
910 2374 1013 2432 rebus:
1035 2375 1105 2435 nihil

418 2468 514 2510 autern
533 2448 573 2509 est
586 2471 640 2510 nec
661 2446 773 2528 majus,
793 2471 847 2510 nec
860 2454 962 2512 melius
974 2455 1104 2514 mundo:

418 2529 532 2590 necelle
554 2529 641 2592 ester
663 2554 681 2591 0
698 2552 766 2590 eum
786 2531 907 2591 deorum
931 2535 1054 2595 consilio
1074 2535 1105 2597 ὅ(

419 2612 605 2693 providentii
618 2552 812 2671 administrari.

421 2731 423 2737 ·
461 2691 509 2751 80.
528 2690 676 2751 Postremo
702 2711 790 2772 quum
816 2692 878 2751 satis
903 2693 1104 2773 docuerimus,

419 2771 475 2831 hos
497 2767 553 2828 elle
578 2771 670 2845 deos,
689 2793 812 2852 quorum
832 2776 974 2854 insignem
991 2778 1052 2833 viru
1075 2777 1105 2836 &

420 2849 555 2911 illustrem
573 2850 676 2911 faciem
700 2853 883 2922 videremus,
904 2852 996 2912 solem
1018 2856 1105 2927 dico,

421 2934 453 2992 &
468 2932 583 3003 lunam,
605 2933 635 2990 &
649 2952 735 3012 vagas
747 2928 859 3005 stellas,
875 2935 906 2990 &
924 2937 1104 3006 inerrantes,

422 3015 456 3074 δι
471 3013 598 3084 coelum,
619 3013 651 3074 δι
669 3011 810 3074 mundum
829 3012 939 3096 ipsum,
954 3016 988 3076 δι
1007 3035 1106 3075 earum

1011 3115 1107 3159 rerum
