2709 4017
350 511 430 588 444
476 491 545 562 Dr
574 484 924 578 mrmmonnf

348 607 402 668 rei
421 612 478 688 ego
489 607 568 667 eninr
582 605 695 688 possum
704 605 755 666 'vel
768 604 901 680 nescire,
920 606 1039 687 quaevir

350 690 387 747 sit
409 687 505 747 cordis
530 687 567 747 ad
592 687 781 760 vivendum,
810 687 862 747 vel
886 686 1038 768 suspicari,

350 767 515 827 conradum
532 769 629 847 aliquo
651 770 775 840 morbo,
791 767 878 829 bovis
897 768 995 851 exilu,
1008 770 1038 828 δι

350 848 511 928 exiguum,
544 849 577 907 &
600 849 711 907 vietum
737 847 812 920 cnr,
841 847 874 907 &
900 848 1038 909 dissimile

350 927 446 987 cordis
465 926 554 988 fuisse.
575 926 623 986 Tu
637 928 710 987 verb
731 926 800 1008 quid
818 926 932 1001 habes,
950 946 1038 1010 quare

349 1023 456 1088 putes,
478 1009 501 1066 si
523 1008 609 1086 pauli>
637 1007 702 1066 anri
728 1027 779 1066 cor
798 1004 887 1067 fuerit
906 1009 936 1066 in
956 1007 1038 1068 tauro'

348 1088 625 1227 inullis}
640 1084 973 1227 uusntultlt
994 1090 1038 1228 l:
1122 1194 1125 1199 .

349 1184 404 1309 iio
426 1187 584 1307 eicorrleqm
602 1190 769 1319 caesuin,
789 1246 849 1325 ipse
869 1190 1038 1329 cordelin·
1122 1248 1126 1293 '¹

351 1345 435 1389 vatus
445 1326 625 1388 estiUrbetn
640 1326 926 1407 philosophire‚rnihi
936 1329 1036 1403 crede,
1124 1378 1127 1387 .

351 1409 500 1489 proditis,
525 1409 596 1467 dum
616 1407 731 1467 castella
751 1404 921 1468 defenditis.
940 1408 1038 1482 Nam,

353 1489 422 1548 dunt
438 1487 624 1568 aruspicinam
642 1507 742 1547 veram
760 1483 817 1546 esse
833 1485 948 1560 vulti's,‘
963 1490 1038 1569 phy·

351 1568 505 1648 siologiam
523 1584 616 1626 totam
634 1567 810 1647 pervertitis.
828 1565 874 1627 Ca
897 1585 929 1628 ut
952 1567 1037 1630 estin

351 1645 474 1726 jecore,
490 1667 542 1705 cor
558 1649 587 1705 in
599 1650 688 1706 extis:
706 1645 770 1726 jam·
784 1589 942 1724 abscedet,
955 1649 1037 1709 simul

350 1747 386 1786 ac
405 1726 515 1785 molam
539 1727 571 1787 &
591 1729 692 1786 vinum
715 1725 898 1807 insperseris:
923 1729 995 1789 deus
1009 1728 1037 1788 id

353 1808 457 1888 eripiet
471 1828 481 1879 ;
495 1809 545 1867 vis'
559 1807 655 1889 aliqua
674 1805 809 1868 c'nnficiet
824 1852 835 1882 ‚
854 1824 904 1867 aut
923 1810 1036 1870 exedet.

352 1886 426 1949 Non
445 1906 516 1970 ergo
537 1891 668 1948 omnium
688 1890 818 1965 interitus
845 1905 934 1969 atque
961 1906 1037 1949 ortus

350 1985 454 2029 natura
471 1967 743 2042 conficiet,;.&:erit
753 1968 879 2047 aliquid,
892 1970 975 2050 quod
991 1985 1037 2029 aut

355 2071 393 2110 ex
411 2049 507 2124 nihilo
530 2050 656 2121 oriatur,
681 2050 779 2108 autin
799 2048 921 2107 nihilum
946 2049 1037 2109 subiti

354 2130 478 2190 occidat.
489 2129 566 2209 Quis
577 2131 633 2190 hoc
643 2130 778 2210 physicus
794 2128 865 2188 dixit
880 2129 1036 2212 umquaml

353 2209 509 2290 Aruspices
528 2212 634 2270 dicunt.
649 2209 703 2269 His
714 2209 819 2292 igitur,
832 2207 921 2289 quium
936 2211 1039 2291 physi-

354 2293 417 2359 cis,
434 2294 532 2368 potiits
546 2290 724 2350 credendum
742 2286 907 2350 existimas?
937 2306 941 2314 ·

395 2367 495 2427 XVII.
516 2369 614 2448 Quid,
625 2391 715 2450 quum
732 2369 859 2449 pluribus
869 2369 923 2428 diis
939 2372 1042 2429 immo·

353 2449 516 2532 la'tur,‘q1ii
530 2451 648 2511 tandem
660 2453 781 2520 evenit,
799 2465 831 2508 ut
846 2449 947 2510 litetur
961 2450 1038 2522 aliis,

354 2531 423 2589 aliis?
439 2532 501 2591 ‘nun
519 2531 645 2592 litetur?
658 2551 720 2611 quae
738 2547 835 2590 autem
851 2527 1040 2590 inconstantia

355 2610 480 2671 deorum
502 2611 567 2685 est,
594 2629 625 2672 ut
667 2611 743 2671 rimis
763 2612 910 2670 minentur
937 2612 1039 2682 extis,

354 2692 433 2752 bene
448 2695 620 2773 promittant
646 2689 788 2751 ecundis?
806 2706 855 2749 aut
871 2691 952 2749 tanta
967 2692 1040 2749 inter

355 2791 409 2833 eos
425 2772 580 2844 dissensio,
592 2771 665 2850 saepe
683 2772 769 2830 etiarn
781 2772 855 2830 inter
868 2769 1041 2849 proximos,

354 2868 386 2911 ut
407 2851 552 2935 Apollinis
569 2868 635 2910 exta
652 2853 732 2911 bona
750 2851 827 2923 sint,
847 2847 954 2911 Dianae
979 2871 1040 2910 non

352 2933 456 2993 bona?
477 2931 545 3013 quid
566 2928 607 2990 est
626 2946 687 2990 tam
707 2930 912 3013 perspicuum,
930 2928 1039 3011 quim,

349 3017 442 3094 quum
467 3011 586 3074 fortuiti>
614 3010 713 3072 hostire
739 3012 944 3084 adducantur,
972 3010 1043 3072 talin
