2709 4017
433 530 589 597 Ltnrrt
622 544 832 598 natatur.
895 545 968 618 149

289 676 292 683 ·
330 658 378 722 35.
402 640 468 702 Nec
486 644 559 703 veto
571 641 766 722 Theophrasti
782 640 970 702 inconstantia

284 720 408 782 ferenda
429 721 493 782 est:
517 724 609 784 modi>
633 725 711 782 enim
730 725 821 782 menti
840 723 970 782 divinum

285 802 385 861 tribuit
398 803 605 881 principatum3
621 802 714 862 modb
728 803 806 861 coelo
817 822 827 873 3
840 818 902 861 tutn
919 822 969 859 au·

285 898 348 942 tem
371 883 393 939 si
415 885 458 940 nis
484 880 689 961 sideribusque
704 881 877 941 coelestibus.
903 879 969 939 Nec

285 902 446 1021 audienfius
461 959 524 1038 ejus
540 963 654 1023 auditor
664 961 781 1034 Strato,
795 963 819 1020 is
833 963 882 1041 qui
895 961 971 1040 phy·

286 1043 361 1100 sicus
374 1042 533 1122 appellatur
544 1064 554 1116 ;
567 1045 616 1122 qui
631 1059 751 1102 omnem
767 1043 828 1101 vim
842 1041 971 1100 divinam

286 1123 318 1180 in
341 1137 441 1181 natura
459 1123 542 1180 sitam
562 1120 617 1182 elle
640 1120 763 1194 censet,
788 1142 852 1202 quae
875 1119 970 1179 causas

308 1202 446 1279 ignendi,
463 1202 604 1281 augendi,
623 1199 789 1271 minuendi,
808 1199 972 1259 immiscen-

286 1220 378 1357 {ique
399 1280 528 1353 habeat,
547 1279 597 1340 sed
620 1295 715 1340 careat
735 1281 815 1339 omni
838 1278 917 1338 sensu
939 1281 972 1338 &

289 1357 393 1440 figura.
968 1389 971 1395 ν

333 1436 431 1497 xlv.
451 1437 533 1497 Zeno
550 1453 647 1497 autem
660 1435 674 1517 (
687 1454 718 1496 ut
730 1435 789 1515 jam
802 1437 838 1496 ad
850 1435 972 1510 vestros,

232 1534 238 1548 ·
289 1514 406 1589 Balbe,
429 1519 574 1592 veniam)
595 1517 755 1577 naturalem
776 1518 872 1599 legem
896 1517 975 1577 divi·

290 1618 361 1657 nam
380 1596 436 1658 elle
458 1597 584 1671 censet,
609 1618 732 1677 eamque
755 1601 816 1657 vim
839 1598 973 1658 obtinete

291 1675 370 1738 rebla
386 1681 599 1756 imperantem,
616 1678 822 1758 prohibentem
845 1679 884 1739 ue'
903 1699 975 1738 con-

290 1758 393 1817 traria:
409 1779 496 1838 quam
512 1759 610 1836 legem
627 1757 781 1837 quomodo
796 1777 812 1817 e
846 1758 901 1816 ciat
914 1761 976 1816 ani-

291 1853 442 1910 mantem,
458 1838 617 1916 intelligere
628 1857 687 1894 non
702 1834 857 1916 pollumus.
873 1835 975 1896 Deum

292 1929 392 1976 autem
407 1917 583 1974 animantem
603 1916 680 1974 certe
690 1915 826 1973 volumus
837 1912 902 1973 effe.
918 1915 977 1973 At-

292 2015 353 2075 que
366 1996 413 2053 hic
425 1993 503 2052 idem
522 1995 579 2053 alio
599 1994 667 2053 loco
684 1994 808 2066 athera,
828 1993 914 2053 deum
929 1995 979 2060 ‹li-

292 2077 356 2146 cit,
377 2074 401 2132 si
423 2073 540 2154 intelligi
558 2071 653 2152 potest
665 2074 735 2132 nihil
752 2073 876 2133 sentiens
888 2074 978 2149 deus,

293 2154 346 2232 qui
362 2171 518 2232 numquam
535 2152 617 2211 nobis
629 2156 751 2212 occurrit
761 2173 855 2233 neque
866 2157 895 2213 in
907 2175 979 2237 pre·

295 2233 397 2306 cibus,
418 2252 513 2312 neque
530 2233 559 2291 in
577 2236 704 2312 optatis,
724 2252 817 2312 neque
837 2234 866 2291 in
889 2238 978 2295 votis.

295 2311 371 2372 Aliis
386 2329 484 2370 autem
496 2312 573 2371 libris
586 2314 728 2372 rationem
740 2313 894 2394 quamdam
905 2314 977 2395 ,p'et
997 2309 1000 2313 ’

297 2411 418 2453 omnem
437 2408 567 2450 naturam
584 2411 680 2451 rerum
701 2396 922 2472 pertinentem,
946 2397 980 2455 vi

297 2471 396 2530 divini
414 2469 610 2531 elleaffellam
623 2489 715 2551 putat.
734 2469 818 2532 ldem
828 2469 978 2534 astrisboe

296 2550 377 2610 idem
386 2551 502 2624 tribuit,
518 2566 579 2609 tum
590 2554 688 2621 annis,
700 2553 864 2624 mensibus,
882 2573 979 2614 anno*

296 2649 420 2709 rumque
436 2629 651 2690 mutationibus.
672 2629 775 2708 Quum
788 2633 863 2691 vero
873 2630 982 2693 Hesio·

299 2709 330 2768 di
346 2708 552 2790 Theogoniam
566 2711 641 2768 inter
663 2725 794 2784 retatur,
815 2711 892 2772 tollit
913 2733 981 2770 om·

298 2793 368 2850 nino
379 2791 476 2848 insitas
488 2799 615 2871 praee'ept
645 2809 702 2870 que
716 2791 895 2872 cognitiones
909 2792 981 2849 deo·

299 2889 387 2928 rum:
406 2887 503 2949 neque
520 2870 597 2929 enim
615 2869 722 2930 Jovem
739 2914 749 2944 ,
769 2875 865 2951 neque
886 2868 981 2928 Juno·

299 2967 389 3021 nem,
405 2968 500 3029 neque
517 2947 656 3024 Vestam,
674 2969 769 3028 neque
786 2968 981 3030 quemquam,

301 3028 352 3109 qui
369 3029 409 3091 ita
428 3027 610 3110 appelletur,
627 3030 796 3091 iudeorum
815 3028 905 3116 habet
925 3045 985 3086 nu·

782 3104 813 3168 G
831 3108 860 3186 iiJ
