2709 4017
385 475 562 543 'LIBER
594 488 824 544 aaurzvt.
891 495 963 570 3121
1003 571 1011 578 „

281 584 407 670 potest?
429 587 459 647 in
477 587 581 648 dolore
597 632 607 661 ,
629 609 666 648 an
685 591 715 647 in
733 588 833 651 labore
851 612 917 665 ,au
938 593 969 652 in

280 666 443 808 ppriculo?
474 689 598 749 quorum
629 670 717 728 deum
742 671 811 730 nihil
842 673 969 753 attingit.

290 821 293 826 ι
313 768 347 807 ec
367 749 480 809 ratione
504 750 587 830 igitur
607 766 764 823 utentem,
785 772 838 812 nec
862 754 968 814 virtute

280 828 341 888 ulli
361 828 515 909 praeditum
534 829 622 889 deum
641 832 802 911 intelligere
822 833 871 913 qui
896 854 971 914 pos·

282 908 401 969 sumus?
648 976 651 981 ¹

282 1018 285 1038 ε
345 1007 375 1067 9.
395 987 460 1048 Nec
473 989 547 1048 veti>
566 987 647 1069 vulgi
665 1005 752 1069 atque
767 991 969 1071 imperitorum

280 1006 422 1130 inicitiam
433 1068 580 1150 despicere
594 1065 728 1151 possum,
749 1091 837 1150 quum
852 1092 886 1132 ea
896 1093 972 1132 con·

281 1148 401 1223 sidem,
423 1170 487 1231 quae
503 1151 635 1209 dicuittut
649 1148 795 1210 aStoicis:
816 1151 877 1211 sunt
891 1156 970 1212 enim

280 1230 331 1289 illa
347 1231 558 1310 imperitorum.
574 1229 682 1290 Piscem
697 1229 764 1311 Syri
776 1250 969 1292 venerantur:

281 1330 375 1371 omne
391 1309 452 1370 fere
466 1331 556 1393 genus
571 1309 725 1371 bestiarum
742 1311 874 1393 AEgyptii
895 1334 970 1372 con·

281 1391 475 1452 sectavemnt.
494 1391 559 1452 Jam
581 1392 654 1452 vero
675 1393 705 1449 in
726 1389 841 1451 Graecia
864 1394 971 1452 multos

281 1471 393 1532 habent
408 1492 446 1532 ex
465 1473 630 1532 hominibus
647 1471 742 1545 deos,
761 1471 971 1547 Alabandum,

282 1550 735 1626 Alabandi3Tenedi,Tenem;
752 1552 970 1629 Leucotheam,

281 1653 348 1714 quae
362 1632 414 1693 fuit
432 1631 509 1706 luo,
525 1634 558 1693 &
575 1631 637 1709 ejus
655 1633 849 1694 Palaemonem
864 1633 970 1709 filium,
1033 1634 1034 1637 ’

278 1711 386 1773 'cunila
402 1711 530 1786 Gtaecia3
552 1714 734 1783 Herculem,
756 1714 971 1793 AEsculapium‚

281 1792 497 1873 Tyndaridas:
520 1793 678 1852 Romulum
706 1792 821 1867 nostri,
843 1795 970 1875 aliosque

283 1875 473 1955 complures,
492 1895 565 1956 quos
582 1875 663 1954 quasi
673 1893 789 1945 novoS,
816 1874 849 1932 &
870 1874 973 1934 adscri-

283 1956 386 2036 ptitios
411 1956 491 2015 cives
513 1957 543 2013 in
570 1955 676 2014 coelum
698 1970 831 2034 receptos
853 1971 972 2035 putant.

284 2035 360 2096 Haec
376 2037 462 2175 ipitur
478 2033 603 2096 indocli«

327 2115 411 2176 XV.
431 2115 512 2196 Quid
538 2137 593 2175 vos
618 2113 806 2196 philosophi?
838 2115 886 2196 qui
906 2136 972 2176 me·

283 2195 381 2256 liora?
406 2194 523 2258 Omitto
544 2197 617 2271 illa;
643 2195 705 2255 sunt
725 2198 803 2256 enim
827 2198 971 2277 praeclara.

285 2275 331 2337 Sit
356 2276 422 2338 sane
451 2277 522 2338 deus
545 2276 604 2359 ipse
624 2275 759 2338 mundus.
794 2276 861 2339 Hoc
881 2279 971 2339 credo

279 2357 358 2418 illud
377 2355 435 2437 elie

286 2489 393 2542 sublime
403 2491 521 2548 candens,
536 2508 601 2557 quem
612 2489 724 2540 invocant
736 2506 815 2540 omnes
824 2486 916 2541 Iouem.

281 2640 284 2646 -
323 2616 391 2658 uate
420 2599 505 2680 igitur
536 2598 632 2677 plures
661 2597 843 2680 adjungimus
872 2598 972 2660 deos?

324 2695 410 2738 uama
427 2691 525 2738 autem
536 2677 577 2737 est
593 2678 696 2739 eoium
706 2679 883 2740 multitudo?
903 2681 975 2740 mihi

280 2781 285 2808 a
308 2757 406 2820 uidem
417 2757 482 2818 sane
495 2759 577 2818 multi
587 2760 741 2820 videntur:
760 2761 884 2841 singulas
893 2763 972 2821 enim

286 2779 382 2898 hellas
401 2859 535 2899 numeras
552 2839 649 2914 deos,
667 2840 774 2923 eosque
794 2859 842 2900 aut
860 2840 973 2899 bellua·

277 2939 366 2990 mum.
378 2921 498 2980 nomine
525 2920 653 2999 appellas
671 2967 681 2996 ‚
715 2939 747 2980 ut
761 2920 915 3000 Capram,
942 2936 974 2978 ut

278 2999 434 3087 Nepam,
461 3017 492 3060 ut
512 2998 668 3076 Taumm,
689 3019 722 3064 ut
732 3002 872 3071 leonem
883 3020 901 3074 25
926 3014 975 3061 aut
