<?xml version="1.0" encoding="UTF-8"?>
<!DOCTYPE html PUBLIC "-//W3C//DTD XHTML 1.0 Transitional//EN"
    "http://www.w3.org/TR/xhtml1/DTD/xhtml1-transitional.dtd">
<html xmlns="http://www.w3.org/1999/xhtml" xml:lang="en" lang="en">
 <head>
  <title>
</title>
<meta http-equiv="Content-Type" content="text/html;charset=utf-8" />
  <meta name='ocr-system' content='tesseract 3.04.00' />
  <meta name='ocr-capabilities' content='ocr_page ocr_carea ocr_par ocr_line ocrx_word'/>
</head>
<body>
  <div class='ocr_page' id='page_1' title='image "./mtulliiciceroni10lallgoog/mtulliiciceroni10lallgoog_0434.png"; bbox 0 0 2709 4017; ppageno 0'>
   <div class='ocr_carea' id='block_1_1' title="bbox 378 505 1079 1499">
    <p class='ocr_par' dir='ltr' id='par_1_1' title="bbox 383 505 955 604">
     <span class='ocr_line' id='line_1_1' title="bbox 383 505 955 604; baseline -0.009 -21"><span class='ocrx_word' id='word_1_1' title='bbox 383 511 463 604; x_wconf 82' lang='lat'><strong>&#39;4&#39;28</strong></span> <span class='ocrx_word' id='word_1_2' title='bbox 512 505 578 579; x_wconf 74' lang='lat' dir='ltr'>Da</span> <span class='ocrx_word' id='word_1_3' title='bbox 610 506 955 595; x_wconf 62' lang='lat' dir='ltr'>»imolato-im-</span> 
     </span>
    </p>

    <p class='ocr_par' dir='ltr' id='par_1_2' title="bbox 378 602 1079 1499">
     <span class='ocr_line' id='line_1_2' title="bbox 385 602 1079 718; baseline 0.003 -34"><span class='ocrx_word' id='word_1_4' title='bbox 385 624 467 685; x_wconf 78' lang='lat' dir='ltr'>tione</span> <span class='ocrx_word' id='word_1_5' title='bbox 490 626 594 684; x_wconf 84' lang='lat' dir='ltr'>inentis</span> <span class='ocrx_word' id='word_1_6' title='bbox 621 624 741 707; x_wconf 78' lang='lat' dir='ltr'>magis,</span> <span class='ocrx_word' id='word_1_7' title='bbox 770 621 856 718; x_wconf 65' lang='lat' dir='ltr'>quani</span> <span class='ocrx_word' id='word_1_8' title='bbox 880 602 996 698; x_wconf 50' lang='grc' dir='ltr'>Ιιιειτιὶτί,</span> <span class='ocrx_word' id='word_1_9' title='bbox 1015 616 1079 706; x_wconf 76' lang='lat' dir='ltr'>ipsl</span> 
     </span>
     <span class='ocr_line' id='line_1_3' title="bbox 387 701 1077 783; baseline 0.001 -19"><span class='ocrx_word' id='word_1_10' title='bbox 387 704 560 765; x_wconf 78' lang='lat' dir='ltr'>sentiamus?</span> <span class='ocrx_word' id='word_1_11' title='bbox 572 722 620 764; x_wconf 85' lang='lat' dir='ltr'>aut</span> <span class='ocrx_word' id='word_1_12' title='bbox 632 725 702 764; x_wconf 88' lang='lat' dir='ltr'>num</span> <span class='ocrx_word' id='word_1_13' title='bbox 715 703 811 763; x_wconf 69' lang='lat' dir='ltr'>nescio</span> <span class='ocrx_word' id='word_1_14' title='bbox 823 701 1077 783; x_wconf 70' lang='lat' dir='ltr'>quimedivinus,</span> 
     </span>
     <span class='ocr_line' id='line_1_4' title="bbox 386 782 1077 865; baseline 0.004 -23"><span class='ocrx_word' id='word_1_15' title='bbox 386 786 410 855; x_wconf 80' lang='lat' dir='ltr'>si</span> <span class='ocrx_word' id='word_1_16' title='bbox 424 785 514 843; x_wconf 83' lang='lat' dir='ltr'>oculis</span> <span class='ocrx_word' id='word_1_17' title='bbox 529 797 628 865; x_wconf 74' lang='lat' dir='ltr'>captos</span> <span class='ocrx_word' id='word_1_18' title='bbox 646 788 703 854; x_wconf 83' lang='lat' dir='ltr'>sit,</span> <span class='ocrx_word' id='word_1_19' title='bbox 724 787 758 842; x_wconf 80' lang='lat' dir='ltr'>ut&#39;</span> <span class='ocrx_word' id='word_1_20' title='bbox 767 782 895 844; x_wconf 79' lang='lat' dir='ltr'>Tiresias</span> <span class='ocrx_word' id='word_1_21' title='bbox 913 782 970 844; x_wconf 83' lang='lat' dir='ltr'>fuit</span> <span class='ocrx_word' id='word_1_22' title='bbox 980 814 994 858; x_wconf 94' lang='lat'>·‚·</span> <span class='ocrx_word' id='word_1_23' title='bbox 1009 806 1077 865; x_wconf 81' lang='lat' dir='ltr'>pos·</span> 
     </span>
     <span class='ocr_line' id='line_1_5' title="bbox 386 864 1076 960; baseline 0.007 -38"><span class='ocrx_word' id='word_1_24' title='bbox 386 865 444 938; x_wconf 80' lang='lat' dir='ltr'>sit,</span> <span class='ocrx_word' id='word_1_25' title='bbox 465 886 529 946; x_wconf 85' lang='lat' dir='ltr'>quae</span> <span class='ocrx_word' id='word_1_26' title='bbox 549 866 613 924; x_wconf 84' lang='lat' dir='ltr'>alba</span> <span class='ocrx_word' id='word_1_27' title='bbox 633 867 711 936; x_wconf 86' lang='lat' dir='ltr'>sint‚·</span> <span class='ocrx_word' id='word_1_28' title='bbox 732 885 797 960; x_wconf 65' lang='lat' dir='ltr'>quae</span> <span class='ocrx_word' id='word_1_29' title='bbox 819 865 902 945; x_wconf 68' lang='lat' dir='ltr'>nigra</span> <span class='ocrx_word' id='word_1_30' title='bbox 914 880 934 938; x_wconf 66' lang='lat'>‚*</span> <span class='ocrx_word' id='word_1_31' title='bbox 949 864 1076 926; x_wconf 76' lang='lat' dir='ltr'>dicere?</span> 
     </span>
     <span class='ocr_line' id='line_1_6' title="bbox 388 944 1077 1019; baseline 0.006 -17"><span class='ocrx_word' id='word_1_32' title='bbox 388 949 456 1018; x_wconf 79' lang='lat' dir='ltr'>aut,</span> <span class='ocrx_word' id='word_1_33' title='bbox 470 947 492 1002; x_wconf 77' lang='lat' dir='ltr'>si</span> <span class='ocrx_word' id='word_1_34' title='bbox 508 944 606 1003; x_wconf 84' lang='lat' dir='ltr'>surdus</span> <span class='ocrx_word' id='word_1_35' title='bbox 619 946 675 1019; x_wconf 88' lang='lat' dir='ltr'>sit,</span> <span class='ocrx_word' id='word_1_36' title='bbox 694 948 848 1004; x_wconf 72' lang='lat' dir='ltr'>varietates</span> <span class='ocrx_word' id='word_1_37' title='bbox 866 964 1008 1019; x_wconf 80' lang='lat' dir='ltr'>vocum,</span> <span class='ocrx_word' id='word_1_38' title='bbox 1030 952 1077 1006; x_wconf 71' lang='lat' dir='ltr'>&#39;aui</span> 
     </span>
     <span class='ocr_line' id='line_1_7' title="bbox 387 1023 1076 1106; baseline 0.003 -23"><span class='ocrx_word' id='word_1_39' title='bbox 387 1025 495 1084; x_wconf 90' lang='lat' dir='ltr'>modos</span> <span class='ocrx_word' id='word_1_40' title='bbox 510 1024 651 1084; x_wconf 80' lang='lat' dir='ltr'>noscere?</span> <span class='ocrx_word' id='word_1_41' title='bbox 677 1024 726 1083; x_wconf 89' lang='lat' dir='ltr'>Ad</span> <span class='ocrx_word' id='word_1_42' title='bbox 747 1023 853 1083; x_wconf 82' lang='lat' dir='ltr'>nullam</span> <span class='ocrx_word' id='word_1_43' title='bbox 872 1025 961 1106; x_wconf 82' lang='lat' dir='ltr'>igitur</span> <span class='ocrx_word' id='word_1_44' title='bbox 978 1032 1076 1085; x_wconf 67' lang='lat' dir='ltr'>earum</span> 
     </span>
     <span class='ocr_line' id='line_1_8' title="bbox 387 1103 1077 1185; baseline 0.003 -22"><span class='ocrx_word' id='word_1_45' title='bbox 387 1124 505 1176; x_wconf 85' lang='lat' dir='ltr'>rerum,</span> <span class='ocrx_word' id='word_1_46' title='bbox 525 1126 591 1185; x_wconf 84' lang='lat' dir='ltr'>quae</span> <span class='ocrx_word' id='word_1_47' title='bbox 608 1103 687 1163; x_wconf 85' lang='lat' dir='ltr'>sensu</span> <span class='ocrx_word' id='word_1_48' title='bbox 709 1107 907 1184; x_wconf 69' lang='lat' dir='ltr'>accipiuntur,</span> <span class='ocrx_word' id='word_1_49' title='bbox 920 1134 924 1140; x_wconf 95' lang='lat'><em>·</em></span> <span class='ocrx_word' id='word_1_50' title='bbox 935 1104 1077 1166; x_wconf 85' lang='lat' dir='ltr'>divinatio</span> 
     </span>
     <span class='ocr_line' id='line_1_9' title="bbox 388 1183 1076 1264; baseline 0.003 -22"><span class='ocrx_word' id='word_1_51' title='bbox 388 1184 551 1245; x_wconf 84' lang='lat' dir='ltr'>adhibetur.</span> <span class='ocrx_word' id='word_1_52' title='bbox 576 1185 666 1264; x_wconf 88' lang='lat' dir='ltr'>Atqui</span> <span class='ocrx_word' id='word_1_53' title='bbox 680 1205 718 1244; x_wconf 91' lang='lat' dir='ltr'>ne</span> <span class='ocrx_word' id='word_1_54' title='bbox 734 1187 763 1253; x_wconf 78' lang='lat' dir='ltr'>in</span> <span class='ocrx_word' id='word_1_55' title='bbox 781 1186 813 1242; x_wconf 90' lang='lat' dir='ltr'>iis</span> <span class='ocrx_word' id='word_1_56' title='bbox 830 1183 952 1264; x_wconf 85' lang='lat' dir='ltr'>quidem</span> <span class='ocrx_word' id='word_1_57' title='bbox 970 1186 1076 1258; x_wconf 53' lang='lat' dir='ltr'>reboo,</span> 
     </span>
     <span class='ocr_line' id='line_1_10' title="bbox 385 1263 1075 1345; baseline 0.001 -23"><span class='ocrx_word' id='word_1_58' title='bbox 385 1270 452 1345; x_wconf 83' lang='lat' dir='ltr'>&#39;quae</span> <span class='ocrx_word' id='word_1_59' title='bbox 467 1282 528 1324; x_wconf 81' lang='lat' dir='ltr'>arte</span> <span class='ocrx_word' id='word_1_60' title='bbox 546 1264 721 1337; x_wconf 63' lang='lat' dir='ltr'>uastantur,</span> <span class='ocrx_word' id='word_1_61' title='bbox 736 1265 917 1334; x_wconf 63' lang='lat' dir='ltr'>divinatione</span> <span class='ocrx_word' id='word_1_62' title='bbox 935 1263 1075 1344; x_wconf 79' lang='lat' dir='ltr'>opuaell:</span> 
     </span>
     <span class='ocr_line' id='line_1_11' title="bbox 380 1342 1076 1419; baseline 0 -14"><span class='ocrx_word' id='word_1_63' title='bbox 380 1347 497 1405; x_wconf 78' lang='lat' dir='ltr'>&#39;etenim</span> <span class='ocrx_word' id='word_1_64' title='bbox 511 1346 547 1402; x_wconf 90' lang='lat' dir='ltr'>ad</span> <span class='ocrx_word' id='word_1_65' title='bbox 567 1369 590 1404; x_wconf 85' lang='lat' dir='ltr'>ae</span> <span class='ocrx_word' id='word_1_66' title='bbox 613 1367 659 1404; x_wconf 83' lang='lat' dir='ltr'>ros</span> <span class='ocrx_word' id='word_1_67' title='bbox 671 1366 731 1404; x_wconf 88' lang='lat' dir='ltr'>non</span> <span class='ocrx_word' id='word_1_68' title='bbox 743 1360 847 1414; x_wconf 81' lang='lat' dir='ltr'>vates,</span> <span class='ocrx_word' id='word_1_69' title='bbox 866 1361 916 1401; x_wconf 86' lang='lat' dir='ltr'>aut</span> <span class='ocrx_word' id='word_1_70' title='bbox 927 1342 1076 1419; x_wconf 65' lang='lat' dir='ltr'>hariolos,</span> 
     </span>
     <span class='ocr_line' id='line_1_12' title="bbox 378 1366 1077 1499; baseline 0 -15"><span class='ocrx_word' id='word_1_71' title='bbox 378 1423 439 1484; x_wconf 87' lang='lat' dir='ltr'>&#39;sed</span> <span class='ocrx_word' id='word_1_72' title='bbox 452 1426 580 1483; x_wconf 83' lang='lat' dir='ltr'>medicos</span> <span class='ocrx_word' id='word_1_73' title='bbox 592 1366 720 1484; x_wconf 65' lang='lat' dir='ltr'>lolemus</span> <span class='ocrx_word' id='word_1_74' title='bbox 740 1424 903 1497; x_wconf 74' lang='lat' dir='ltr'>adducere:</span> <span class='ocrx_word' id='word_1_75' title='bbox 915 1440 978 1484; x_wconf 62' lang='lat' dir='ltr'>&lt;nee</span> <span class='ocrx_word' id='word_1_76' title='bbox 988 1426 1077 1499; x_wconf 64' lang='lat' dir='ltr'>vero,</span> 
     </span>
    </p>
   </div>
   <div class='ocr_carea' id='block_1_2' title="bbox 381 1502 1079 1904">
    <p class='ocr_par' dir='ltr' id='par_1_3' title="bbox 381 1502 1079 1904">
     <span class='ocr_line' id='line_1_13' title="bbox 381 1502 1079 1578; baseline 0.003 -17"><span class='ocrx_word' id='word_1_77' title='bbox 381 1510 386 1523; x_wconf 88' lang='lat'><strong><em>¹</em></strong></span> <span class='ocrx_word' id='word_1_78' title='bbox 428 1507 438 1561; x_wconf 91' lang='lat' dir='ltr'>i</span> <span class='ocrx_word' id='word_1_79' title='bbox 456 1503 576 1578; x_wconf 84' lang='lat' dir='ltr'>fidibus,</span> <span class='ocrx_word' id='word_1_80' title='bbox 598 1524 645 1562; x_wconf 90' lang='lat' dir='ltr'>aut</span> <span class='ocrx_word' id='word_1_81' title='bbox 658 1507 734 1563; x_wconf 87' lang='lat' dir='ltr'>tibiis</span> <span class='ocrx_word' id='word_1_82' title='bbox 754 1504 797 1561; x_wconf 86' lang='lat' dir='ltr'>uti</span> <span class='ocrx_word' id='word_1_83' title='bbox 814 1502 941 1576; x_wconf 73' lang='lat' dir='ltr'>volunt,</span> <span class='ocrx_word' id='word_1_84' title='bbox 965 1504 1002 1562; x_wconf 81' lang='lat' dir='ltr'>ob</span> <span class='ocrx_word' id='word_1_85' title='bbox 1016 1526 1079 1563; x_wconf 78' lang='lat' dir='ltr'>aru·</span> 
     </span>
     <span class='ocr_line' id='line_1_14' title="bbox 387 1524 1079 1664; baseline 0.007 -24"><span class='ocrx_word' id='word_1_86' title='bbox 387 1524 509 1662; x_wconf 48' lang='lat' dir='ltr'>lpllcibm</span> <span class='ocrx_word' id='word_1_87' title='bbox 523 1587 665 1664; x_wconf 84' lang='lat' dir='ltr'>accipiunt</span> <span class='ocrx_word' id='word_1_88' title='bbox 681 1602 778 1646; x_wconf 85' lang='lat' dir='ltr'>earum</span> <span class='ocrx_word' id='word_1_89' title='bbox 789 1582 993 1645; x_wconf 63' lang='lat' dir='ltr'>trallationem</span> <span class='ocrx_word' id='word_1_90' title='bbox 1005 1616 1015 1659; x_wconf 76' lang='lat'>3</span> <span class='ocrx_word' id='word_1_91' title='bbox 1029 1583 1079 1646; x_wconf 82' lang='lat' dir='ltr'>sed</span> 
     </span>
     <span class='ocr_line' id='line_1_15' title="bbox 389 1683 1032 1733; baseline 0.002 -11"><span class='ocrx_word' id='word_1_92' title='bbox 389 1684 408 1722; x_wconf 85' lang='lat' dir='ltr'>a</span> <span class='ocrx_word' id='word_1_93' title='bbox 423 1683 547 1721; x_wconf 80' lang='lat' dir='ltr'>mus1c1s.</span> <span class='ocrx_word' id='word_1_94' title='bbox 1030 1728 1032 1733; x_wconf 61' lang='grc'><strong>,</strong></span> 
     </span>
     <span class='ocr_line' id='line_1_16' title="bbox 432 1741 1079 1819; baseline 0.005 -17"><span class='ocrx_word' id='word_1_95' title='bbox 432 1761 479 1802; x_wconf 85' lang='lat'>10.</span> <span class='ocrx_word' id='word_1_96' title='bbox 501 1741 612 1800; x_wconf 84' lang='lat' dir='ltr'>Eadem</span> <span class='ocrx_word' id='word_1_97' title='bbox 631 1745 661 1800; x_wconf 85' lang='lat' dir='ltr'>in</span> <span class='ocrx_word' id='word_1_98' title='bbox 686 1743 785 1804; x_wconf 77' lang='lat' dir='ltr'>litteris</span> <span class='ocrx_word' id='word_1_99' title='bbox 809 1744 883 1803; x_wconf 85' lang='lat' dir='ltr'>ratio</span> <span class='ocrx_word' id='word_1_100' title='bbox 906 1741 946 1802; x_wconf 82' lang='lat' dir='ltr'>eil</span> <span class='ocrx_word' id='word_1_101' title='bbox 965 1780 977 1819; x_wconf 92' lang='lat'>,-</span> <span class='ocrx_word' id='word_1_102' title='bbox 1010 1745 1079 1805; x_wconf 78' lang='lat' dir='ltr'>reli·</span> 
     </span>
     <span class='ocr_line' id='line_1_17' title="bbox 389 1822 1079 1904; baseline 0.006 -24"><span class='ocrx_word' id='word_1_103' title='bbox 389 1823 509 1904; x_wconf 84' lang='lat' dir='ltr'>quisque</span> <span class='ocrx_word' id='word_1_104' title='bbox 520 1825 622 1894; x_wconf 84' lang='lat' dir='ltr'>rebus,</span> <span class='ocrx_word' id='word_1_105' title='bbox 637 1845 755 1902; x_wconf 87' lang='lat' dir='ltr'>quarum</span> <span class='ocrx_word' id='word_1_106' title='bbox 772 1822 812 1883; x_wconf 88' lang='lat' dir='ltr'>est</span> <span class='ocrx_word' id='word_1_107' title='bbox 828 1822 986 1902; x_wconf 79' lang='lat' dir='ltr'>disciplina.</span> <span class='ocrx_word' id='word_1_108' title='bbox 1001 1823 1079 1884; x_wconf 79' lang='lat' dir='ltr'>Num</span> 
     </span>
    </p>
   </div>
   <div class='ocr_carea' id='block_1_3' title="bbox 376 1902 1076 2042">
    <p class='ocr_par' dir='ltr' id='par_1_4' title="bbox 376 1902 1076 2042">
     <span class='ocr_line' id='line_1_18' title="bbox 376 1902 1076 2042; baseline 0.006 -80"><span class='ocrx_word' id='word_1_109' title='bbox 376 1904 487 1963; x_wconf 86' lang='lat' dir='ltr'>&#39;censes</span> <span class='ocrx_word' id='word_1_110' title='bbox 514 1924 584 1976; x_wconf 85' lang='lat' dir='ltr'>eos,</span> <span class='ocrx_word' id='word_1_111' title='bbox 602 1907 651 2042; x_wconf 38' lang='lat' dir='ltr'>aui</span> <span class='ocrx_word' id='word_1_112' title='bbox 674 1904 804 1963; x_wconf 82' lang='lat' dir='ltr'>divinare</span> <span class='ocrx_word' id='word_1_113' title='bbox 820 1902 974 1976; x_wconf 85' lang='lat' dir='ltr'>dicuntur,</span> <span class='ocrx_word' id='word_1_114' title='bbox 996 1903 1076 1985; x_wconf 53' lang='lat' dir='ltr'>polle</span> 
     </span>
    </p>
   </div>
   <div class='ocr_carea' id='block_1_4' title="bbox 378 1982 1115 3107">
    <p class='ocr_par' dir='ltr' id='par_1_5' title="bbox 378 1982 1115 2696">
     <span class='ocr_line' id='line_1_19' title="bbox 378 1982 1078 2064; baseline 0.001 -21"><span class='ocrx_word' id='word_1_115' title='bbox 378 1983 587 2064; x_wconf 76' lang='lat' dir='ltr'>&#39;respondere‚</span> <span class='ocrx_word' id='word_1_116' title='bbox 617 1983 647 2042; x_wconf 91' lang='lat' dir='ltr'>ol</span> <span class='ocrx_word' id='word_1_117' title='bbox 660 1982 813 2063; x_wconf 73' lang='lat' dir='ltr'>majorne,</span> <span class='ocrx_word' id='word_1_118' title='bbox 826 1983 914 2062; x_wconf 67' lang='lat' dir='ltr'>quam</span> <span class='ocrx_word' id='word_1_119' title='bbox 931 1999 1011 2043; x_wconf 81' lang='lat' dir='ltr'>terra</span> <span class='ocrx_word' id='word_1_120' title='bbox 1023 1983 1078 2044; x_wconf 68' lang='lat' dir='ltr'>sio?</span> 
     </span>
     <span class='ocr_line' id='line_1_20' title="bbox 378 2063 1077 2143; baseline 0.004 -21"><span class='ocrx_word' id='word_1_121' title='bbox 378 2078 428 2122; x_wconf 87' lang='lat' dir='ltr'>&#39;an</span> <span class='ocrx_word' id='word_1_122' title='bbox 440 2081 533 2123; x_wconf 86' lang='lat' dir='ltr'>tantus</span> <span class='ocrx_word' id='word_1_123' title='bbox 547 2109 557 2134; x_wconf 92' lang='lat'>,</span> <span class='ocrx_word' id='word_1_124' title='bbox 572 2082 696 2143; x_wconf 73' lang='lat' dir='ltr'>quantus</span> <span class='ocrx_word' id='word_1_125' title='bbox 709 2064 839 2122; x_wconf 71' lang='lat' dir='ltr'>videniur</span> <span class='ocrx_word' id='word_1_126' title='bbox 853 2063 864 2121; x_wconf 88' lang='lat'>?</span> <span class='ocrx_word' id='word_1_127' title='bbox 885 2063 1014 2143; x_wconf 62' lang='lat' dir='ltr'>lunaque</span> <span class='ocrx_word' id='word_1_128' title='bbox 1028 2063 1077 2125; x_wconf 81' lang='lat' dir='ltr'>suo</span> 
     </span>
     <span class='ocr_line' id='line_1_21' title="bbox 389 2142 1078 2225; baseline 0.003 -23"><span class='ocrx_word' id='word_1_129' title='bbox 389 2143 521 2217; x_wconf 85' lang='lat' dir='ltr'>lumine,</span> <span class='ocrx_word' id='word_1_130' title='bbox 536 2165 572 2202; x_wconf 85' lang='lat' dir='ltr'>an</span> <span class='ocrx_word' id='word_1_131' title='bbox 588 2143 674 2217; x_wconf 84' lang='lat' dir='ltr'>solis,</span> <span class='ocrx_word' id='word_1_132' title='bbox 687 2143 801 2203; x_wconf 83' lang='lat' dir='ltr'>utatur?</span> <span class='ocrx_word' id='word_1_133' title='bbox 814 2142 876 2215; x_wconf 87' lang='lat' dir='ltr'>sol,</span> <span class='ocrx_word' id='word_1_134' title='bbox 887 2142 974 2217; x_wconf 77' lang='lat' dir='ltr'>luna,</span> <span class='ocrx_word' id='word_1_135' title='bbox 991 2160 1078 2225; x_wconf 83' lang='lat' dir='ltr'>quem</span> 
     </span>
     <span class='ocr_line' id='line_1_22' title="bbox 391 2222 1077 2303; baseline 0.006 -22"><span class='ocrx_word' id='word_1_136' title='bbox 391 2241 504 2281; x_wconf 80' lang='lat' dir='ltr'>motum</span> <span class='ocrx_word' id='word_1_137' title='bbox 532 2223 684 2282; x_wconf 79' lang='lat' dir='ltr'>habeant?</span> <span class='ocrx_word' id='word_1_138' title='bbox 717 2242 804 2303; x_wconf 84' lang='lat' dir='ltr'>quem</span> <span class='ocrx_word' id='word_1_139' title='bbox 823 2228 950 2303; x_wconf 82' lang='lat' dir='ltr'>quinque</span> <span class='ocrx_word' id='word_1_140' title='bbox 972 2222 1077 2298; x_wconf 79' lang='lat' dir='ltr'>stellae,</span> 
     </span>
     <span class='ocr_line' id='line_1_23' title="bbox 390 2302 1115 2384; baseline 0.01 -26"><span class='ocrx_word' id='word_1_141' title='bbox 390 2321 453 2380; x_wconf 86' lang='lat' dir='ltr'>quae</span> <span class='ocrx_word' id='word_1_142' title='bbox 475 2322 568 2360; x_wconf 82' lang='lat' dir='ltr'>errare</span> <span class='ocrx_word' id='word_1_143' title='bbox 588 2304 743 2360; x_wconf 82' lang='lat' dir='ltr'>dicuntur?</span> <span class='ocrx_word' id='word_1_144' title='bbox 767 2302 831 2362; x_wconf 88' lang='lat' dir='ltr'>Nec</span> <span class='ocrx_word' id='word_1_145' title='bbox 848 2303 932 2376; x_wconf 89' lang='lat' dir='ltr'>haec,</span> <span class='ocrx_word' id='word_1_146' title='bbox 958 2307 1009 2384; x_wconf 89' lang='lat' dir='ltr'>qui</span> <span class='ocrx_word' id='word_1_147' title='bbox 1030 2305 1078 2364; x_wconf 80' lang='lat' dir='ltr'>di-</span> <span class='ocrx_word' id='word_1_148' title='bbox 1109 2316 1115 2327; x_wconf 91' lang='grc'><em>“</em></span> 
     </span>
     <span class='ocr_line' id='line_1_24' title="bbox 389 2380 1079 2460; baseline 0.009 -22"><span class='ocrx_word' id='word_1_149' title='bbox 389 2381 450 2438; x_wconf 78' lang='lat' dir='ltr'>vini</span> <span class='ocrx_word' id='word_1_150' title='bbox 461 2381 603 2439; x_wconf 82' lang='lat' dir='ltr'>habentur</span> <span class='ocrx_word' id='word_1_151' title='bbox 616 2426 625 2454; x_wconf 92' lang='lat'>‚</span> <span class='ocrx_word' id='word_1_152' title='bbox 639 2380 810 2460; x_wconf 83' lang='lat' dir='ltr'>profitentur</span> <span class='ocrx_word' id='word_1_153' title='bbox 823 2381 852 2440; x_wconf 89' lang='lat' dir='ltr'>se</span> <span class='ocrx_word' id='word_1_154' title='bbox 864 2381 921 2441; x_wconf 84' lang='lat' dir='ltr'>elle</span> <span class='ocrx_word' id='word_1_155' title='bbox 935 2383 1079 2458; x_wconf 52' lang='lat' dir='ltr'>dillurou</span> 
     </span>
     <span class='ocr_line' id='line_1_25' title="bbox 390 2462 1078 2543; baseline 0.009 -25"><span class='ocrx_word' id='word_1_156' title='bbox 390 2481 446 2519; x_wconf 84' lang='lat' dir='ltr'>nec</span> <span class='ocrx_word' id='word_1_157' title='bbox 461 2480 585 2532; x_wconf 87' lang='lat' dir='ltr'>eorum,</span> <span class='ocrx_word' id='word_1_158' title='bbox 605 2483 668 2542; x_wconf 79' lang='lat' dir='ltr'>quae</span> <span class='ocrx_word' id='word_1_159' title='bbox 686 2466 715 2520; x_wconf 89' lang='lat' dir='ltr'>in</span> <span class='ocrx_word' id='word_1_160' title='bbox 734 2464 895 2543; x_wconf 84' lang='lat' dir='ltr'>geometria</span> <span class='ocrx_word' id='word_1_161' title='bbox 914 2462 1078 2524; x_wconf 79' lang='lat' dir='ltr'>describun-</span> 
     </span>
     <span class='ocr_line' id='line_1_26' title="bbox 388 2541 1078 2623; baseline 0.013 -26"><span class='ocrx_word' id='word_1_162' title='bbox 388 2556 455 2611; x_wconf 88' lang='lat' dir='ltr'>tur,</span> <span class='ocrx_word' id='word_1_163' title='bbox 475 2561 538 2620; x_wconf 85' lang='lat' dir='ltr'>quae</span> <span class='ocrx_word' id='word_1_164' title='bbox 555 2562 642 2614; x_wconf 85' lang='lat' dir='ltr'>vera,</span> <span class='ocrx_word' id='word_1_165' title='bbox 660 2563 723 2623; x_wconf 85' lang='lat' dir='ltr'>quae</span> <span class='ocrx_word' id='word_1_166' title='bbox 742 2541 810 2601; x_wconf 80' lang='lat' dir='ltr'>falla</span> <span class='ocrx_word' id='word_1_167' title='bbox 824 2544 900 2601; x_wconf 88' lang='lat' dir='ltr'>sint:</span> <span class='ocrx_word' id='word_1_168' title='bbox 921 2541 986 2601; x_wconf 87' lang='lat' dir='ltr'>sunt</span> <span class='ocrx_word' id='word_1_169' title='bbox 999 2548 1078 2606; x_wconf 81' lang='lat' dir='ltr'>enim</span> 
     </span>
     <span class='ocr_line' id='line_1_27' title="bbox 388 2621 1012 2696; baseline 0.008 -18"><span class='ocrx_word' id='word_1_170' title='bbox 388 2639 423 2679; x_wconf 84' lang='lat' dir='ltr'>ea</span> <span class='ocrx_word' id='word_1_171' title='bbox 437 2621 724 2696; x_wconf 80' lang='lat' dir='ltr'>mathematicomm‚</span> <span class='ocrx_word' id='word_1_172' title='bbox 742 2643 804 2681; x_wconf 88' lang='lat' dir='ltr'>non</span> <span class='ocrx_word' id='word_1_173' title='bbox 822 2622 1012 2683; x_wconf 81' lang='lat' dir='ltr'>hariolorum.</span> 
     </span>
    </p>

    <p class='ocr_par' dir='ltr' id='par_1_6' title="bbox 379 2699 1080 3107">
     <span class='ocr_line' id='line_1_28' title="bbox 379 2699 1079 2781; baseline 0.004 -22"><span class='ocrx_word' id='word_1_174' title='bbox 379 2727 383 2737; x_wconf 93' lang='lat'>·</span> <span class='ocrx_word' id='word_1_175' title='bbox 431 2699 486 2761; x_wconf 92' lang='lat' dir='ltr'>lV.</span> <span class='ocrx_word' id='word_1_176' title='bbox 507 2700 557 2760; x_wconf 92' lang='lat' dir='ltr'>De</span> <span class='ocrx_word' id='word_1_177' title='bbox 571 2703 625 2760; x_wconf 87' lang='lat' dir='ltr'>illis</span> <span class='ocrx_word' id='word_1_178' title='bbox 645 2703 718 2762; x_wconf 78' lang='lat' dir='ltr'>verb</span> <span class='ocrx_word' id='word_1_179' title='bbox 736 2703 842 2774; x_wconf 80' lang='lat' dir='ltr'>rebus,</span> <span class='ocrx_word' id='word_1_180' title='bbox 855 2722 919 2781; x_wconf 81' lang='lat' dir='ltr'>quae</span> <span class='ocrx_word' id='word_1_181' title='bbox 933 2705 963 2761; x_wconf 85' lang='lat' dir='ltr'>in</span> <span class='ocrx_word' id='word_1_182' title='bbox 983 2703 1079 2781; x_wconf 85' lang='lat' dir='ltr'>philo·</span> 
     </span>
     <span class='ocr_line' id='line_1_29' title="bbox 388 2780 1079 2864; baseline -0.003 -21"><span class='ocrx_word' id='word_1_183' title='bbox 388 2780 488 2860; x_wconf 81' lang='lat' dir='ltr'>sophia</span> <span class='ocrx_word' id='word_1_184' title='bbox 500 2780 665 2854; x_wconf 78' lang='lat' dir='ltr'>versantur,</span> <span class='ocrx_word' id='word_1_185' title='bbox 682 2784 820 2863; x_wconf 85' lang='lat' dir='ltr'>numquid</span> <span class='ocrx_word' id='word_1_186' title='bbox 830 2781 870 2842; x_wconf 88' lang='lat' dir='ltr'>est</span> <span class='ocrx_word' id='word_1_187' title='bbox 883 2826 892 2853; x_wconf 89' lang='lat'>‚</span> <span class='ocrx_word' id='word_1_188' title='bbox 908 2783 990 2863; x_wconf 89' lang='lat' dir='ltr'>quod</span> <span class='ocrx_word' id='word_1_189' title='bbox 1001 2780 1079 2864; x_wconf 83' lang='lat' dir='ltr'>quis-</span> 
     </span>
     <span class='ocr_line' id='line_1_30' title="bbox 390 2862 1079 2942; baseline 0.004 -23"><span class='ocrx_word' id='word_1_190' title='bbox 390 2882 478 2940; x_wconf 87' lang='lat' dir='ltr'>quam</span> <span class='ocrx_word' id='word_1_191' title='bbox 503 2862 667 2919; x_wconf 84' lang='lat' dir='ltr'>divinorum</span> <span class='ocrx_word' id='word_1_192' title='bbox 696 2880 744 2921; x_wconf 84' lang='lat' dir='ltr'>aut</span> <span class='ocrx_word' id='word_1_193' title='bbox 769 2862 945 2942; x_wconf 83' lang='lat' dir='ltr'>respondere</span> <span class='ocrx_word' id='word_1_194' title='bbox 968 2862 1079 2936; x_wconf 80' lang='lat' dir='ltr'>soleat,</span> 
     </span>
     <span class='ocr_line' id='line_1_31' title="bbox 390 2940 1080 3023; baseline 0.003 -22"><span class='ocrx_word' id='word_1_195' title='bbox 390 2959 440 3001; x_wconf 81' lang='lat' dir='ltr'>aut</span> <span class='ocrx_word' id='word_1_196' title='bbox 449 2940 575 3013; x_wconf 86' lang='lat' dir='ltr'>consuli,</span> <span class='ocrx_word' id='word_1_197' title='bbox 594 2941 661 3020; x_wconf 90' lang='lat' dir='ltr'>quid</span> <span class='ocrx_word' id='word_1_198' title='bbox 675 2941 785 3000; x_wconf 87' lang='lat' dir='ltr'>bonum</span> <span class='ocrx_word' id='word_1_199' title='bbox 796 2945 830 3002; x_wconf 84' lang='lat' dir='ltr'>sit</span> <span class='ocrx_word' id='word_1_200' title='bbox 842 2986 852 3015; x_wconf 82' lang='lat'>‚</span> <span class='ocrx_word' id='word_1_201' title='bbox 864 2942 933 3023; x_wconf 89' lang='lat' dir='ltr'>quid</span> <span class='ocrx_word' id='word_1_202' title='bbox 948 2944 1080 3013; x_wconf 81' lang='lat' dir='ltr'>malum,</span> 
     </span>
     <span class='ocr_line' id='line_1_32' title="bbox 391 3019 1079 3107; baseline 0.009 -28"><span class='ocrx_word' id='word_1_203' title='bbox 391 3019 460 3098; x_wconf 87' lang='lat' dir='ltr'>quid</span> <span class='ocrx_word' id='word_1_204' title='bbox 475 3020 633 3082; x_wconf 77' lang='lat' dir='ltr'>neutrum?</span> <span class='ocrx_word' id='word_1_205' title='bbox 647 3020 711 3082; x_wconf 86' lang='lat' dir='ltr'>sunt</span> <span class='ocrx_word' id='word_1_206' title='bbox 724 3025 801 3084; x_wconf 88' lang='lat' dir='ltr'>enim</span> <span class='ocrx_word' id='word_1_207' title='bbox 811 3024 871 3084; x_wconf 83' lang='lat' dir='ltr'>haec</span> <span class='ocrx_word' id='word_1_208' title='bbox 883 3025 1004 3106; x_wconf 80' lang='lat' dir='ltr'>propria</span> <span class='ocrx_word' id='word_1_209' title='bbox 1013 3025 1079 3107; x_wconf 82' lang='lat' dir='ltr'>phi·</span> 
     </span>
    </p>
   </div>
   <div class='ocr_carea' id='block_1_5' title="bbox 0 0 1367 4017">
    <p class='ocr_par' dir='ltr' id='par_1_7' title="bbox 0 0 1367 4017">
     <span class='ocr_line' id='line_1_33' title="bbox 0 0 1367 4017; baseline 0 0"><span class='ocrx_word' id='word_1_210' title='bbox 0 0 1367 4017; x_wconf 95' lang='lat' dir='ltr'> </span> 
     </span>
    </p>
   </div>
  </div>
 </body>
</html>
