<?xml version="1.0" encoding="UTF-8"?>
<!DOCTYPE html PUBLIC "-//W3C//DTD XHTML 1.0 Transitional//EN"
    "http://www.w3.org/TR/xhtml1/DTD/xhtml1-transitional.dtd">
<html xmlns="http://www.w3.org/1999/xhtml" xml:lang="en" lang="en">
 <head>
  <title>
</title>
<meta http-equiv="Content-Type" content="text/html;charset=utf-8" />
  <meta name='ocr-system' content='tesseract 3.04.00' />
  <meta name='ocr-capabilities' content='ocr_page ocr_carea ocr_par ocr_line ocrx_word'/>
</head>
<body>
  <div class='ocr_page' id='page_1' title='image "./mtulliiciceroni10lallgoog/mtulliiciceroni10lallgoog_0365.png"; bbox 0 0 2709 4017; ppageno 0'>
   <div class='ocr_carea' id='block_1_1' title="bbox 435 482 973 605">
    <p class='ocr_par' dir='ltr' id='par_1_1' title="bbox 435 482 973 605">
     <span class='ocr_line' id='line_1_1' title="bbox 435 482 973 605; baseline 0.009 -40"><span class='ocrx_word' id='word_1_1' title='bbox 435 498 582 568; x_wconf 74' lang='lat' dir='ltr'>Lrasn</span> <span class='ocrx_word' id='word_1_2' title='bbox 615 482 829 605; x_wconf 72' lang='lat' dir='ltr'>eternus.</span> <span class='ocrx_word' id='word_1_3' title='bbox 897 522 973 599; x_wconf 76' lang='lat'>359</span> 
     </span>
    </p>
   </div>
   <div class='ocr_carea' id='block_1_2' title="bbox 289 611 960 778">
    <p class='ocr_par' dir='ltr' id='par_1_2' title="bbox 289 611 960 778">
     <span class='ocr_line' id='line_1_2' title="bbox 291 611 960 684; baseline 0.007 -20"><span class='ocrx_word' id='word_1_4' title='bbox 291 611 326 664; x_wconf 85' lang='lat' dir='ltr'>Te</span> <span class='ocrx_word' id='word_1_5' title='bbox 341 615 424 684; x_wconf 75' lang='lat' dir='ltr'>patria</span> <span class='ocrx_word' id='word_1_6' title='bbox 444 617 469 669; x_wconf 82' lang='lat' dir='ltr'>ire</span> <span class='ocrx_word' id='word_1_7' title='bbox 487 619 564 668; x_wconf 84' lang='lat' dir='ltr'>medie</span> <span class='ocrx_word' id='word_1_8' title='bbox 582 618 693 673; x_wconf 68' lang='lat' dir='ltr'>victurum</span> <span class='ocrx_word' id='word_1_9' title='bbox 711 621 772 671; x_wconf 82' lang='lat' dir='ltr'>mole</span> <span class='ocrx_word' id='word_1_10' title='bbox 791 618 892 670; x_wconf 66' lang='lat' dir='ltr'>lucessit.</span> <span class='ocrx_word' id='word_1_11' title='bbox 956 676 960 682; x_wconf 48' lang='grc'><strong>,</strong></span> 
     </span>
     <span class='ocr_line' id='line_1_3' title="bbox 289 708 902 778; baseline 0.003 -18"><span class='ocrx_word' id='word_1_12' title='bbox 289 708 326 760; x_wconf 86' lang='lat' dir='ltr'>Tu</span> <span class='ocrx_word' id='word_1_13' title='bbox 344 725 422 759; x_wconf 83' lang='lat' dir='ltr'>temen</span> <span class='ocrx_word' id='word_1_14' title='bbox 442 708 565 775; x_wconf 77' lang='lat' dir='ltr'><em>anxiferas</em></span> <span class='ocrx_word' id='word_1_15' title='bbox 584 727 651 760; x_wconf 82' lang='lat' dir='ltr'>curas</span> <span class='ocrx_word' id='word_1_16' title='bbox 668 712 770 778; x_wconf 78' lang='lat' dir='ltr'><em>requiete</em></span> <span class='ocrx_word' id='word_1_17' title='bbox 788 712 902 772; x_wconf 76' lang='lat' dir='ltr'>relaxas,</span> 
     </span>
    </p>
   </div>
   <div class='ocr_carea' id='block_1_3' title="bbox 286 800 903 887">
    <p class='ocr_par' dir='ltr' id='par_1_3' title="bbox 286 800 903 887">
     <span class='ocr_line' id='line_1_4' title="bbox 286 800 903 887; baseline 0.005 -36"><span class='ocrx_word' id='word_1_18' title='bbox 286 801 366 887; x_wconf 26' lang='lat' dir='ltr'>&#39;Quod</span> <span class='ocrx_word' id='word_1_19' title='bbox 380 803 467 871; x_wconf 80' lang='lat' dir='ltr'>patria</span> <span class='ocrx_word' id='word_1_20' title='bbox 484 803 554 854; x_wconf 77' lang='lat' dir='ltr'>roce&#39;s</span> <span class='ocrx_word' id='word_1_21' title='bbox 567 801 781 872; x_wconf 79' lang='lat' dir='ltr'>studiis&#39;nobisque</span> <span class='ocrx_word' id='word_1_22' title='bbox 794 800 903 872; x_wconf 72' lang='lat' dir='ltr'>sacrasti.</span> 
     </span>
    </p>
   </div>
   <div class='ocr_carea' id='block_1_4' title="bbox 280 917 976 1322">
    <p class='ocr_par' dir='ltr' id='par_1_4' title="bbox 280 917 976 1322">
     <span class='ocr_line' id='line_1_5' title="bbox 287 917 976 1002; baseline 0 -21"><span class='ocrx_word' id='word_1_23' title='bbox 287 917 338 981; x_wconf 87' lang='lat' dir='ltr'>Tu</span> <span class='ocrx_word' id='word_1_24' title='bbox 348 922 434 1002; x_wconf 82' lang='lat' dir='ltr'>igitur</span> <span class='ocrx_word' id='word_1_25' title='bbox 450 923 578 982; x_wconf 85' lang='lat' dir='ltr'>animum</span> <span class='ocrx_word' id='word_1_26' title='bbox 590 923 700 1002; x_wconf 88' lang='lat' dir='ltr'>poteris</span> <span class='ocrx_word' id='word_1_27' title='bbox 717 923 855 982; x_wconf 84' lang='lat' dir='ltr'>inducere</span> <span class='ocrx_word' id='word_1_28' title='bbox 875 938 976 982; x_wconf 80' lang='lat' dir='ltr'>contra</span> 
     </span>
     <span class='ocr_line' id='line_1_6' title="bbox 286 1001 974 1083; baseline 0.004 -24"><span class='ocrx_word' id='word_1_29' title='bbox 286 1020 345 1072; x_wconf 84' lang='lat' dir='ltr'>ea,</span> <span class='ocrx_word' id='word_1_30' title='bbox 366 1023 456 1082; x_wconf 80' lang='lat' dir='ltr'>quasa</span> <span class='ocrx_word' id='word_1_31' title='bbox 472 1024 520 1063; x_wconf 91' lang='lat' dir='ltr'>me</span> <span class='ocrx_word' id='word_1_32' title='bbox 538 1001 714 1083; x_wconf 83' lang='lat' dir='ltr'>disputantur</span> <span class='ocrx_word' id='word_1_33' title='bbox 729 1004 765 1065; x_wconf 92' lang='lat' dir='ltr'>de</span> <span class='ocrx_word' id='word_1_34' title='bbox 777 1004 974 1074; x_wconf 85' lang='lat' dir='ltr'>divinatione,</span> 
     </span>
     <span class='ocr_line' id='line_1_7' title="bbox 288 1081 975 1166; baseline 0 -26"><span class='ocrx_word' id='word_1_35' title='bbox 288 1081 412 1155; x_wconf 84' lang='lat' dir='ltr'>dicere,</span> <span class='ocrx_word' id='word_1_36' title='bbox 435 1084 485 1166; x_wconf 89' lang='lat' dir='ltr'>qui</span> <span class='ocrx_word' id='word_1_37' title='bbox 506 1084 538 1143; x_wconf 91' lang='lat'>&amp;</span> <span class='ocrx_word' id='word_1_38' title='bbox 556 1081 670 1164; x_wconf 80' lang='lat' dir='ltr'>gesseris</span> <span class='ocrx_word' id='word_1_39' title='bbox 687 1104 742 1158; x_wconf 91' lang='lat' dir='ltr'>ea,</span> <span class='ocrx_word' id='word_1_40' title='bbox 761 1106 826 1166; x_wconf 84' lang='lat' dir='ltr'>quae</span> <span class='ocrx_word' id='word_1_41' title='bbox 845 1081 975 1164; x_wconf 79' lang='lat' dir='ltr'>gessisti,</span> 
     </span>
     <span class='ocr_line' id='line_1_8' title="bbox 280 1161 975 1244; baseline 0.001 -23"><span class='ocrx_word' id='word_1_42' title='bbox 280 1161 328 1221; x_wconf 75' lang='lat'>-&amp;¹</span> <span class='ocrx_word' id='word_1_43' title='bbox 346 1181 382 1222; x_wconf 84' lang='lat' dir='ltr'>ea</span> <span class='ocrx_word' id='word_1_44' title='bbox 402 1207 411 1235; x_wconf 89' lang='lat'>,</span> <span class='ocrx_word' id='word_1_45' title='bbox 442 1185 507 1244; x_wconf 82' lang='lat' dir='ltr'>quae</span> <span class='ocrx_word' id='word_1_46' title='bbox 527 1166 738 1244; x_wconf 82' lang='lat' dir='ltr'>pronuntiavi,</span> <span class='ocrx_word' id='word_1_47' title='bbox 767 1164 975 1224; x_wconf 65' lang='lat' dir='ltr'>accuratissimi</span> 
     </span>
     <span class='ocr_line' id='line_1_9' title="bbox 287 1239 447 1322; baseline 0.019 -22"><span class='ocrx_word' id='word_1_48' title='bbox 287 1239 447 1322; x_wconf 82' lang='lat' dir='ltr'>scripseris?</span> 
     </span>
    </p>
   </div>
   <div class='ocr_carea' id='block_1_5' title="bbox 287 1338 982 3020">
    <p class='ocr_par' dir='ltr' id='par_1_5' title="bbox 287 1338 979 2467">
     <span class='ocr_line' id='line_1_10' title="bbox 331 1338 975 1425; baseline 0.002 -25"><span class='ocrx_word' id='word_1_49' title='bbox 331 1359 379 1420; x_wconf 81' lang='lat'>23.</span> <span class='ocrx_word' id='word_1_50' title='bbox 400 1342 504 1423; x_wconf 86' lang='lat' dir='ltr'>Quid?</span> <span class='ocrx_word' id='word_1_51' title='bbox 516 1345 636 1425; x_wconf 82' lang='lat' dir='ltr'>quaeris,</span> <span class='ocrx_word' id='word_1_52' title='bbox 648 1338 837 1416; x_wconf 82' lang='lat' dir='ltr'>Carneades,</span> <span class='ocrx_word' id='word_1_53' title='bbox 852 1362 902 1401; x_wconf 92' lang='lat' dir='ltr'>cur</span> <span class='ocrx_word' id='word_1_54' title='bbox 914 1341 975 1401; x_wconf 82' lang='lat' dir='ltr'>haec</span> 
     </span>
     <span class='ocr_line' id='line_1_11' title="bbox 287 1421 974 1504; baseline -0.004 -20"><span class='ocrx_word' id='word_1_55' title='bbox 287 1423 328 1484; x_wconf 84' lang='lat' dir='ltr'>ita</span> <span class='ocrx_word' id='word_1_56' title='bbox 344 1421 440 1497; x_wconf 85' lang='lat' dir='ltr'>fiant,</span> <span class='ocrx_word' id='word_1_57' title='bbox 468 1442 517 1484; x_wconf 87' lang='lat' dir='ltr'>aut</span> <span class='ocrx_word' id='word_1_58' title='bbox 538 1425 595 1504; x_wconf 64' lang='lat' dir='ltr'>qui</span> <span class='ocrx_word' id='word_1_59' title='bbox 614 1440 675 1483; x_wconf 89' lang='lat' dir='ltr'>arte</span> <span class='ocrx_word' id='word_1_60' title='bbox 700 1421 819 1503; x_wconf 88' lang='lat' dir='ltr'>perspici</span> <span class='ocrx_word' id='word_1_61' title='bbox 837 1421 974 1502; x_wconf 79' lang='lat' dir='ltr'>possint?</span> 
     </span>
     <span class='ocr_line' id='line_1_12' title="bbox 288 1500 974 1582; baseline -0.004 -19"><span class='ocrx_word' id='word_1_62' title='bbox 288 1500 408 1564; x_wconf 88' lang='lat' dir='ltr'>Nescire</span> <span class='ocrx_word' id='word_1_63' title='bbox 427 1524 474 1564; x_wconf 91' lang='lat' dir='ltr'>me</span> <span class='ocrx_word' id='word_1_64' title='bbox 485 1503 607 1576; x_wconf 77' lang='lat' dir='ltr'>‘fateor3</span> <span class='ocrx_word' id='word_1_65' title='bbox 627 1505 746 1564; x_wconf 87' lang='lat' dir='ltr'>evenire</span> <span class='ocrx_word' id='word_1_66' title='bbox 765 1511 863 1563; x_wconf 87' lang='lat' dir='ltr'>autem</span> <span class='ocrx_word' id='word_1_67' title='bbox 879 1519 909 1562; x_wconf 87' lang='lat' dir='ltr'>te</span> <span class='ocrx_word' id='word_1_68' title='bbox 926 1505 974 1582; x_wconf 68' lang='lat' dir='ltr'>ipe</span> 
     </span>
     <span class='ocr_line' id='line_1_13' title="bbox 288 1582 973 1664; baseline -0.001 -21"><span class='ocrx_word' id='word_1_69' title='bbox 288 1582 351 1644; x_wconf 88' lang='lat' dir='ltr'>sum</span> <span class='ocrx_word' id='word_1_70' title='bbox 363 1584 428 1643; x_wconf 91' lang='lat' dir='ltr'>dico</span> <span class='ocrx_word' id='word_1_71' title='bbox 439 1584 550 1645; x_wconf 88' lang='lat' dir='ltr'>videre.</span> <span class='ocrx_word' id='word_1_72' title='bbox 564 1584 639 1644; x_wconf 89' lang='lat' dir='ltr'>Casu</span> <span class='ocrx_word' id='word_1_73' title='bbox 649 1627 660 1659; x_wconf 89' lang='lat'>‚</span> <span class='ocrx_word' id='word_1_74' title='bbox 669 1585 772 1664; x_wconf 85' lang='lat' dir='ltr'>inquis.</span> <span class='ocrx_word' id='word_1_75' title='bbox 785 1583 866 1643; x_wconf 88' lang='lat' dir='ltr'>Itane</span> <span class='ocrx_word' id='word_1_76' title='bbox 880 1582 973 1643; x_wconf 74' lang='lat' dir='ltr'>vero?</span> 
     </span>
     <span class='ocr_line' id='line_1_14' title="bbox 290 1662 975 1745; baseline -0.003 -21"><span class='ocrx_word' id='word_1_77' title='bbox 290 1663 462 1745; x_wconf 86' lang='lat' dir='ltr'>Quidquam</span> <span class='ocrx_word' id='word_1_78' title='bbox 476 1663 570 1744; x_wconf 89' lang='lat' dir='ltr'>potest</span> <span class='ocrx_word' id='word_1_79' title='bbox 586 1663 651 1724; x_wconf 91' lang='lat' dir='ltr'>casu</span> <span class='ocrx_word' id='word_1_80' title='bbox 666 1662 723 1724; x_wconf 83' lang='lat' dir='ltr'>esse</span> <span class='ocrx_word' id='word_1_81' title='bbox 740 1663 845 1724; x_wconf 76' lang='lat' dir='ltr'>fesium</span> <span class='ocrx_word' id='word_1_82' title='bbox 862 1709 871 1737; x_wconf 92' lang='lat'>,</span> <span class='ocrx_word' id='word_1_83' title='bbox 893 1662 975 1744; x_wconf 90' lang='lat' dir='ltr'>quod</span> 
     </span>
     <span class='ocr_line' id='line_1_15' title="bbox 289 1744 974 1807; baseline -0.003 -2"><span class='ocrx_word' id='word_1_84' title='bbox 289 1765 395 1805; x_wconf 82' lang='lat' dir='ltr'>amnes</span> <span class='ocrx_word' id='word_1_85' title='bbox 423 1746 522 1805; x_wconf 88' lang='lat' dir='ltr'>habet·</span> <span class='ocrx_word' id='word_1_86' title='bbox 540 1748 571 1807; x_wconf 88' lang='lat' dir='ltr'>in</span> <span class='ocrx_word' id='word_1_87' title='bbox 595 1745 624 1806; x_wconf 88' lang='lat' dir='ltr'>se</span> <span class='ocrx_word' id='word_1_88' title='bbox 646 1763 784 1803; x_wconf 83' lang='lat' dir='ltr'>numeros</span> <span class='ocrx_word' id='word_1_89' title='bbox 812 1744 974 1804; x_wconf 73' lang='lat' dir='ltr'>veritatis?</span> 
     </span>
     <span class='ocr_line' id='line_1_16' title="bbox 289 1822 976 1904; baseline -0.004 -19"><span class='ocrx_word' id='word_1_90' title='bbox 289 1823 428 1904; x_wconf 85' lang='lat' dir='ltr'>Quatuor</span> <span class='ocrx_word' id='word_1_91' title='bbox 457 1825 508 1885; x_wconf 91' lang='lat' dir='ltr'>tali</span> <span class='ocrx_word' id='word_1_92' title='bbox 535 1822 600 1902; x_wconf 73' lang='lat' dir='ltr'>jasii</span> <span class='ocrx_word' id='word_1_93' title='bbox 626 1823 689 1882; x_wconf 90' lang='lat' dir='ltr'>casu</span> <span class='ocrx_word' id='word_1_94' title='bbox 713 1823 884 1884; x_wconf 83' lang='lat' dir='ltr'>Venereum</span> <span class='ocrx_word' id='word_1_95' title='bbox 910 1822 976 1883; x_wconf 89' lang='lat' dir='ltr'>effi-</span> 
     </span>
     <span class='ocr_line' id='line_1_17' title="bbox 290 1903 978 1978; baseline -0.001 -14"><span class='ocrx_word' id='word_1_96' title='bbox 290 1909 389 1978; x_wconf 84' lang='lat' dir='ltr'>ciunt3</span> <span class='ocrx_word' id='word_1_97' title='bbox 418 1925 487 1971; x_wconf 83' lang='lat' dir='ltr'>num</span> <span class='ocrx_word' id='word_1_98' title='bbox 510 1907 597 1963; x_wconf 87' lang='lat' dir='ltr'>etiam</span> <span class='ocrx_word' id='word_1_99' title='bbox 613 1919 735 1970; x_wconf 72' lang='lat' dir='ltr'>‚centurn</span> <span class='ocrx_word' id='word_1_100' title='bbox 753 1903 928 1977; x_wconf 86' lang='lat' dir='ltr'>Venereos,</span> <span class='ocrx_word' id='word_1_101' title='bbox 951 1906 978 1967; x_wconf 89' lang='lat' dir='ltr'>si</span> 
     </span>
     <span class='ocr_line' id='line_1_18' title="bbox 291 1981 977 2063; baseline -0.006 -16"><span class='ocrx_word' id='word_1_102' title='bbox 291 2003 382 2047; x_wconf 88' lang='lat' dir='ltr'>cccc</span> <span class='ocrx_word' id='word_1_103' title='bbox 401 1985 476 2045; x_wconf 83' lang='lat' dir='ltr'>talos</span> <span class='ocrx_word' id='word_1_104' title='bbox 497 1981 598 2062; x_wconf 85' lang='lat' dir='ltr'>jeceris</span> <span class='ocrx_word' id='word_1_105' title='bbox 617 2028 627 2057; x_wconf 92' lang='lat'>‚</span> <span class='ocrx_word' id='word_1_106' title='bbox 651 1981 715 2050; x_wconf 86' lang='lat' dir='ltr'>casu</span> <span class='ocrx_word' id='word_1_107' title='bbox 738 1981 849 2044; x_wconf 86' lang='lat' dir='ltr'>futuros</span> <span class='ocrx_word' id='word_1_108' title='bbox 867 1983 977 2063; x_wconf 69' lang='lat' dir='ltr'>putas?</span> 
     </span>
     <span class='ocr_line' id='line_1_19' title="bbox 291 2063 979 2148; baseline -0.004 -22"><span class='ocrx_word' id='word_1_109' title='bbox 291 2064 435 2146; x_wconf 84' lang='lat' dir='ltr'>Adspersa</span> <span class='ocrx_word' id='word_1_110' title='bbox 450 2065 561 2126; x_wconf 63' lang='lat' dir='ltr'>temeri</span> <span class='ocrx_word' id='word_1_111' title='bbox 577 2066 726 2148; x_wconf 86' lang='lat' dir='ltr'>pigmenta</span> <span class='ocrx_word' id='word_1_112' title='bbox 741 2064 772 2122; x_wconf 91' lang='lat' dir='ltr'>in</span> <span class='ocrx_word' id='word_1_113' title='bbox 786 2063 904 2136; x_wconf 88' lang='lat' dir='ltr'>tabula,</span> <span class='ocrx_word' id='word_1_114' title='bbox 919 2065 979 2124; x_wconf 88' lang='lat' dir='ltr'>oris</span> 
     </span>
     <span class='ocr_line' id='line_1_20' title="bbox 290 2141 977 2227; baseline -0.007 -21"><span class='ocrx_word' id='word_1_115' title='bbox 290 2147 468 2207; x_wconf 84' lang='lat' dir='ltr'>lineamenta</span> <span class='ocrx_word' id='word_1_116' title='bbox 489 2144 627 2227; x_wconf 84' lang='lat' dir='ltr'>effingere</span> <span class='ocrx_word' id='word_1_117' title='bbox 647 2141 780 2224; x_wconf 82' lang='lat' dir='ltr'>possunt3</span> <span class='ocrx_word' id='word_1_118' title='bbox 797 2164 871 2205; x_wconf 88' lang='lat' dir='ltr'>num·</span> <span class='ocrx_word' id='word_1_119' title='bbox 888 2146 977 2209; x_wconf 82' lang='lat' dir='ltr'>etiam</span> 
     </span>
     <span class='ocr_line' id='line_1_21' title="bbox 290 2223 977 2308; baseline -0.001 -21"><span class='ocrx_word' id='word_1_120' title='bbox 290 2227 419 2287; x_wconf 88' lang='lat' dir='ltr'>Veneris</span> <span class='ocrx_word' id='word_1_121' title='bbox 433 2225 507 2288; x_wconf 83' lang='lat' dir='ltr'>Coae</span> <span class='ocrx_word' id='word_1_122' title='bbox 523 2225 764 2307; x_wconf 88' lang='lat' dir='ltr'>pulchritudinem</span> <span class='ocrx_word' id='word_1_123' title='bbox 782 2223 879 2308; x_wconf 87' lang='lat' dir='ltr'>effingi</span> <span class='ocrx_word' id='word_1_124' title='bbox 895 2223 977 2306; x_wconf 82' lang='lat' dir='ltr'>posse</span> 
     </span>
     <span class='ocr_line' id='line_1_22' title="bbox 291 2305 977 2388; baseline -0.004 -20"><span class='ocrx_word' id='word_1_125' title='bbox 291 2307 479 2388; x_wconf 81' lang='lat' dir='ltr'>adspersione</span> <span class='ocrx_word' id='word_1_126' title='bbox 498 2306 614 2367; x_wconf 68' lang='lat' dir='ltr'>fortuiti</span> <span class='ocrx_word' id='word_1_127' title='bbox 637 2306 741 2386; x_wconf 81' lang='lat' dir='ltr'>putas?</span> <span class='ocrx_word' id='word_1_128' title='bbox 766 2305 818 2366; x_wconf 86' lang='lat' dir='ltr'>Sus</span> <span class='ocrx_word' id='word_1_129' title='bbox 840 2305 932 2366; x_wconf 87' lang='lat' dir='ltr'>rostro</span> <span class='ocrx_word' id='word_1_130' title='bbox 953 2307 977 2365; x_wconf 91' lang='lat' dir='ltr'>si</span> 
     </span>
     <span class='ocr_line' id='line_1_23' title="bbox 292 2385 977 2467; baseline -0.001 -20"><span class='ocrx_word' id='word_1_131' title='bbox 292 2388 373 2447; x_wconf 89' lang='lat' dir='ltr'>humi</span> <span class='ocrx_word' id='word_1_132' title='bbox 397 2387 433 2447; x_wconf 78' lang='lat' dir='ltr'>A³</span> <span class='ocrx_word' id='word_1_133' title='bbox 445 2390 569 2449; x_wconf 86' lang='lat' dir='ltr'>litteram</span> <span class='ocrx_word' id='word_1_134' title='bbox 586 2385 754 2467; x_wconf 82' lang='lat' dir='ltr'>impresserit</span> <span class='ocrx_word' id='word_1_135' title='bbox 776 2431 786 2459; x_wconf 90' lang='lat'><strong>‚</strong></span> <span class='ocrx_word' id='word_1_136' title='bbox 816 2409 886 2446; x_wconf 92' lang='lat' dir='ltr'>num</span> <span class='ocrx_word' id='word_1_137' title='bbox 907 2408 977 2466; x_wconf 89' lang='lat' dir='ltr'>pro·</span> 
     </span>
    </p>

    <p class='ocr_par' dir='ltr' id='par_1_6' title="bbox 293 2465 982 3020">
     <span class='ocr_line' id='line_1_24' title="bbox 317 2465 975 2549; baseline -0.003 -23"><span class='ocrx_word' id='word_1_138' title='bbox 317 2486 396 2528; x_wconf 84' lang='lat' dir='ltr'>terea</span> <span class='ocrx_word' id='word_1_139' title='bbox 419 2468 552 2549; x_wconf 90' lang='lat' dir='ltr'>suspicari</span> <span class='ocrx_word' id='word_1_140' title='bbox 582 2470 716 2548; x_wconf 85' lang='lat' dir='ltr'>poteris,</span> <span class='ocrx_word' id='word_1_141' title='bbox 740 2465 975 2525; x_wconf 79' lang='lat' dir='ltr'>Andromacham</span> 
     </span>
     <span class='ocr_line' id='line_1_25' title="bbox 293 2488 980 2628; baseline -0.007 -20"><span class='ocrx_word' id='word_1_142' title='bbox 293 2488 385 2608; x_wconf 53' lang='lat' dir='ltr'>iunii</span> <span class='ocrx_word' id='word_1_143' title='bbox 398 2549 434 2609; x_wconf 91' lang='lat' dir='ltr'>ab</span> <span class='ocrx_word' id='word_1_144' title='bbox 447 2570 483 2609; x_wconf 90' lang='lat' dir='ltr'>ea</span> <span class='ocrx_word' id='word_1_145' title='bbox 495 2546 576 2628; x_wconf 85' lang='lat' dir='ltr'>posse</span> <span class='ocrx_word' id='word_1_146' title='bbox 593 2545 733 2607; x_wconf 83' lang='lat' dir='ltr'>describi?</span> <span class='ocrx_word' id='word_1_147' title='bbox 751 2545 802 2604; x_wconf 89' lang='lat' dir='ltr'>Fin</span> <span class='ocrx_word' id='word_1_148' title='bbox 826 2547 893 2606; x_wconf 85' lang='lat' dir='ltr'>ebat</span> <span class='ocrx_word' id='word_1_149' title='bbox 903 2544 980 2606; x_wconf 87' lang='lat' dir='ltr'>Car·</span> 
     </span>
     <span class='ocr_line' id='line_1_26' title="bbox 294 2566 978 2707; baseline -0.006 -17"><span class='ocrx_word' id='word_1_150' title='bbox 294 2629 402 2690; x_wconf 89' lang='lat' dir='ltr'>neades</span> <span class='ocrx_word' id='word_1_151' title='bbox 413 2631 462 2704; x_wconf 91' lang='lat' dir='ltr'>,in</span> <span class='ocrx_word' id='word_1_152' title='bbox 473 2627 615 2690; x_wconf 88' lang='lat' dir='ltr'>Chiorum</span> <span class='ocrx_word' id='word_1_153' title='bbox 628 2626 786 2707; x_wconf 85' lang='lat' dir='ltr'>lapicidinis</span> <span class='ocrx_word' id='word_1_154' title='bbox 795 2566 861 2687; x_wconf 57' lang='lat' dir='ltr'>lixo</span> <span class='ocrx_word' id='word_1_155' title='bbox 876 2623 978 2686; x_wconf 80' lang='lat' dir='ltr'>diffisso</span> 
     </span>
     <span class='ocr_line' id='line_1_27' title="bbox 294 2702 978 2790; baseline -0.007 -20"><span class='ocrx_word' id='word_1_156' title='bbox 294 2727 382 2790; x_wconf 87' lang='lat' dir='ltr'>caput</span> <span class='ocrx_word' id='word_1_157' title='bbox 410 2707 540 2779; x_wconf 82' lang='lat' dir='ltr'>exstitisse</span> <span class='ocrx_word' id='word_1_158' title='bbox 557 2705 673 2768; x_wconf 86' lang='lat' dir='ltr'>Panisci.</span> <span class='ocrx_word' id='word_1_159' title='bbox 696 2702 826 2780; x_wconf 88' lang='lat' dir='ltr'>Credo,</span> <span class='ocrx_word' id='word_1_160' title='bbox 852 2707 978 2787; x_wconf 85' lang='lat' dir='ltr'>aliquam</span> 
     </span>
     <span class='ocr_line' id='line_1_28' title="bbox 295 2784 978 2869; baseline -0.007 -19"><span class='ocrx_word' id='word_1_161' title='bbox 295 2811 369 2851; x_wconf 89' lang='lat' dir='ltr'>non·</span> <span class='ocrx_word' id='word_1_162' title='bbox 381 2790 549 2850; x_wconf 87' lang='lat' dir='ltr'>dissimilem</span> <span class='ocrx_word' id='word_1_163' title='bbox 574 2787 722 2869; x_wconf 82' lang='lat' dir='ltr'>figuram,</span> <span class='ocrx_word' id='word_1_164' title='bbox 752 2785 801 2847; x_wconf 88' lang='lat' dir='ltr'>sed</span> <span class='ocrx_word' id='word_1_165' title='bbox 821 2784 897 2848; x_wconf 64' lang='lat' dir='ltr'>c&#39;erts</span> <span class='ocrx_word' id='word_1_166' title='bbox 916 2807 978 2846; x_wconf 88' lang='lat' dir='ltr'>non</span> 
     </span>
     <span class='ocr_line' id='line_1_29' title="bbox 294 2865 979 2948; baseline 0.001 -20"><span class='ocrx_word' id='word_1_167' title='bbox 294 2870 386 2930; x_wconf 86' lang='lat' dir='ltr'>talem</span> <span class='ocrx_word' id='word_1_168' title='bbox 405 2914 415 2941; x_wconf 87' lang='lat'>‚</span> <span class='ocrx_word' id='word_1_169' title='bbox 444 2888 475 2930; x_wconf 90' lang='lat' dir='ltr'>ut</span> <span class='ocrx_word' id='word_1_170' title='bbox 492 2890 556 2930; x_wconf 88' lang='lat' dir='ltr'>eam</span> <span class='ocrx_word' id='word_1_171' title='bbox 572 2867 676 2928; x_wconf 75' lang='lat' dir='ltr'>saslam</span> <span class='ocrx_word' id='word_1_172' title='bbox 702 2891 719 2927; x_wconf 92' lang='lat' dir='ltr'>a</span> <span class='ocrx_word' id='word_1_173' title='bbox 737 2865 833 2948; x_wconf 84' lang='lat' dir='ltr'>Scopa</span> <span class='ocrx_word' id='word_1_174' title='bbox 855 2867 979 2929; x_wconf 84' lang='lat' dir='ltr'>diceres.</span> 
     </span>
     <span class='ocr_line' id='line_1_30' title="bbox 295 2947 982 3020; baseline -0.015 -10"><span class='ocrx_word' id='word_1_175' title='bbox 295 2949 345 3010; x_wconf 85' lang='lat' dir='ltr'>Sic</span> <span class='ocrx_word' id='word_1_176' title='bbox 363 2951 440 3009; x_wconf 87' lang='lat' dir='ltr'>enim</span> <span class='ocrx_word' id='word_1_177' title='bbox 453 2950 482 3010; x_wconf 87' lang='lat' dir='ltr'>se</span> <span class='ocrx_word' id='word_1_178' title='bbox 519 2947 630 3008; x_wconf 76' lang='lat' dir='ltr'>rofesib</span> <span class='ocrx_word' id='word_1_179' title='bbox 649 2968 695 3009; x_wconf 88' lang='lat' dir='ltr'>res</span> <span class='ocrx_word' id='word_1_180' title='bbox 716 2948 823 3020; x_wconf 85' lang='lat' dir='ltr'>habet,</span> <span class='ocrx_word' id='word_1_181' title='bbox 843 2963 874 3005; x_wconf 91' lang='lat' dir='ltr'>ut</span> <span class='ocrx_word' id='word_1_182' title='bbox 893 2968 982 3006; x_wconf 85' lang='lat' dir='ltr'>num.</span> 
     </span>
    </p>
   </div>
   <div class='ocr_carea' id='block_1_6' title="bbox 295 3027 955 3117">
    <p class='ocr_par' dir='ltr' id='par_1_7' title="bbox 295 3027 955 3117">
     <span class='ocr_line' id='line_1_31' title="bbox 295 3027 955 3117; baseline -0.008 -26"><span class='ocrx_word' id='word_1_183' title='bbox 295 3051 384 3117; x_wconf 83' lang='lat' dir='ltr'>quam</span> <span class='ocrx_word' id='word_1_184' title='bbox 402 3029 483 3112; x_wconf 91' lang='lat' dir='ltr'>perse</span> <span class='ocrx_word' id='word_1_185' title='bbox 513 3032 699 3091; x_wconf 61' lang='lat' dir='ltr'>severitatem</span> <span class='ocrx_word' id='word_1_186' title='bbox 720 3027 955 3088; x_wconf 87' lang='lat' dir='ltr'>casus·imitetur.·</span> 
     </span>
    </p>
   </div>
   <div class='ocr_carea' id='block_1_7' title="bbox 0 0 1366 4017">
    <p class='ocr_par' dir='ltr' id='par_1_8' title="bbox 0 0 1366 4017">
     <span class='ocr_line' id='line_1_32' title="bbox 0 0 1366 4017; baseline 0 0"><span class='ocrx_word' id='word_1_187' title='bbox 0 0 1366 4017; x_wconf 95' lang='lat' dir='ltr'> </span> 
     </span>
    </p>
   </div>
  </div>
 </body>
</html>
