2709 4017
367 542 373 566 ,
437 493 600 560 aaran·
625 493 845 562 'PRIMUSJ
898 501 971 588 145

288 602 380 664 nostri
401 605 488 663 animi
507 623 716 688 carperentun
738 623 800 664 non
821 603 895 665 vidit
916 607 971 668 disss

287 684 430 744 tradiione
450 685 640 747 humanorum
665 687 827 744 animorum
850 683 971 766 discerpi

288 764 323 823 δι
339 764 455 824 lacerari
472 765 581 827 deum:
610 767 642 826 &
653 781 755 848 :quum
770 763 863 825 miseri
881 767 970 826 animi
984 817 986 821 .

287 842 397 917 efferit,
422 846 501 925 quod
521 845 885 928 plerisque'contiu'geret‚
905 862 969 906 tum

288 923 337 983 dei
367 943 480 1004 partem
514 925 571 987 effe
600 925 733 987 miseram
757 946 766 998 ;
798 926 879 1006 quod
905 923 972 987 fieti

286 1025 350 1064 uon
370 1005 475 1086 potest.
501 1005 563 1067 Cur
586 1024 683 1067 autem
703 1007 858 1087 quidquam
883 1009 971 1088 igno·

286 1101 365 1145 taret
382 1089 492 1146 animus
506 1087 648 1160 hominis,
661 1089 687 1146 'si
700 1086 771 1147 esset
789 1085 881 1147 deus?
898 1109 971 1168 quo·

286 1165 381 1225 modo
400 1167 491 1246 porrb
511 1168 581 1240 deus
601 1166 674 1240 iste,
698 1167 721 1224 si
742 1166 811 1225 nihil
828 1164 896 1227 effer
914 1171 969 1227 nisi

286 1248 419 1318 animus,
439 1263 488 1305 aut
509 1245 635 1323 infixus,
659 1263 707 1308 aut
727 1245 833 1307 infusus
849 1245 921 1307 effer
937 1249 967 1309 in

285 1324 422 1385 mundo?
547 1375 549 1380 .
574 1348 579 1389 J
673 1351 676 1357 ’
883 1376 885 1380 -
964 1356 967 1361 ·

289 1427 293 1457 ·.
330 1404 378 1464 28.
405 1403 486 1464 Tum
509 1403 734 1486 Xenophanes,
762 1406 811 1485 qui
834 1449 844 1479 ‚
869 1422 969 1468 mente
1027 1448 1031 1459 ι

283 1482 441 1563 adjurat,
462 1506 552 1546 omne
569 1502 729 1566 praeterea,
746 1485 825 1563 quod
841 1483 911 1545 effer
923 1487 971 1546 in··

283 1562 421 1638 finitum,
438 1565 527 1625 deum
544 1567 636 1626 voluit
651 1563 727 1637 effe,
744 1564 781 1624 de
796 1565 853 1645 ipsa
866 1584 967 1627 mente

283 1645 324 1704 ita
338 1646 578 1725 reprehenditur,
594 1662 625 1705 ut
642 1648 752 1717 ceteri3
772 1645 808 1706 de
823 1643 965 1707 infinitate

283 1742 382 1785 autem
400 1727 602 1786 vehementius
614 1771 624 1799 ‚
636 1727 675 1784 ,in
696 1745 753 1805 qua
774 1727 844 1786 nihil
868 1747 967 1806 neque

281 1803 434 1877 sentiens,
460 1825 556 1884 neque
577 1804 761 1883 conjundtum
782 1804 879 1885 potest
897 1805 966 1868 effe.

283 1883 364 1944 Nam
380 1883 566 1944 Parmenides
579 1885 810 1945 commentitium
825 1886 964 1966 quiddam

283 1984 403 2025 coronae
419 1963 604 2023 similitudine
620 1962 725 2024 efficit:
738 1967 892 2044 Stephanen
909 1988 964 2047 ap·

281 2043 395 2124 pellat,
414 2045 614 2103 coutinentem
629 2044 734 2103 ardore
751 2043 821 2104 lucis
838 2046 942 2106 orbem
952 2059 966 2121 ‚¹

281 2126 333 2205 qui
353 2124 441 2212 cingit
457 2124 584 2207 eoelum3
604 2144 691 2204 quern
710 2125 836 2205 appellat
855 2126 964 2186 deumt

281 2207 312 2263 in
339 2225 400 2283 quo
421 2223 459 2262 ne
480 2224 517 2264 ue
541 2202 662 2286 figuram
688 2205 843 2278 divinam,
866 2226 962 2288 neque

281 2282 395 2345 sensum
413 2224 559 2364 quidquam
579 2284 708 2365 suspicari
731 2285 836 2366 potest.
865 2287 962 2350 Multa

281 2362 564 2442 ejusdemmonssra
583 2368 728 2458 ;·.quippe
750 2371 799 2447 qui
823 2367 932 2428 bellum
948 2413 961 2441 ,

281 2447 330 2524 qui
346 2443 540 2516 discordiam,
553 2457 555 2459 ’
597 2468 607 2503 ι
624 2447 832 2525 cupiditatem,
850 2466 962 2510 cetera·

281 2544 339 2606 que
364 2526 477 2606 generis
500 2522 565 2602 ejus
581 2546 628 2585 em
650 2526 687 2584 ad
708 2527 796 2586 deum
812 2531 960 2602 revocat}

280 2625 347 2684 quae
365 2605 416 2664 vel
442 2604 568 2678 morbo,
592 2607 642 2666 vel
661 2605 786 2681 somno,
812 2609 862 2668 vel
882 2609 960 2670 obli·

280 2686 391 2758 vione3
409 2684 460 2744 vel
476 2683 616 2746 vetustate
635 2686 783 2747 delentur:
795 2689 961 2770 eademque

281 2763 319 2824 de
332 2764 472 2824 sideribus
482 2784 491 2836 ;
502 2785 566 2843 quae
581 2766 754 2847 reprehensa·
767 2764 827 2846 jam
840 2771 870 2830 in
883 2771 958 2842 alio,

279 2845 309 2902 in
328 2844 386 2903 hoc
404 2845 582 2904 omittantur.

287 2944 289 2949 ·
319 2922 404 2983 ΧΗ.
436 2923 634 3005 Empedocles
660 2943 758 2987 autem
785 2926 875 2986 multa
901 2924 957 2982 alia
985 2967 987 2972 -

278 3021 405 3085 peccans
417 3046 427 3074 ,
439 3004 621 3067 iudeorum
639 3009 779 3089 opinione
798 3004 962 3084 turpissime

320 3087 420 3147 Tomus
438 3085 499 3150 lx.
820 3082 851 3143 G
