2709 4017
390 481 478 563 [280
514 482 581 554 Du
603 498 777 552 uuum
801 486 1012 569 uuuituit,

387 648 393 661 .
432 616 510 676 149·
532 597 584 658 Ad·
599 595 680 657 usum
705 608 803 658 autem
826 598 967 658 orationis
987 601 1088 661 incre?

401 678 489 740 dibile
501 677 560 752 est,
574 680 628 739 nisi
638 678 790 758 diligenter
803 678 980 751 attendetis,
992 692 1088 759 quau.

359 767 362 773 '
385 776 430 818 -ta
456 779 547 839 opera
570 759 731 819 machinata
752 775 853 818 nutura
879 759 925 817 sit.
956 756 1085 820 Primiim

385 840 480 898 ·enim
502 860 519 898 a
539 837 724 920 pulmonibus
747 841 849 898 arteria
872 836 962 918 usque
988 839 1027 898 ad
1052 860 1086 899 ou

384 921 532 978 intimum
550 920 694 999 pertinen
714 937 767 998 pet
779 939 957 998 quamvox,
977 921 1087 999 princi-

400 1001 482 1078 pium
497 1021 514 1057 a
532 1017 632 1059 mente
645 997 754 1058 ducens
764 1043 774 1071 ‚
784 999 959 1079 percipitur,
975 1001 1008 1059 &
1023 999 1088 1059 fuu-

385 1078 487 1138 ·ditur.
506 1077 628 1139 Deinde
635 1080 666 1136 in
684 1098 736 1138 ote
749 1081 802 1138 sita
820 1078 916 1158 lingua
933 1076 994 1154 est,
1005 1077 1087 1140 finita

386 1159 547 1219 dentibus.
571 1157 615 1219 Ea
637 1178 745 1223 vocem
767 1159 960 1218 immoderatd
983 1159 1088 1240 prolu-

385 1237 461 1301 .sam
481 1237 564 1321 lingit
583 1239 616 1300 δι
635 1241 792 1309 terminum
814 1258 877 1318 quae
895 1236 983 1298 sonos
1004 1241 1087 1299 vocis

386 1318 549 1383 ..distindlos
569 1319 601 1381 &
642 1315 730 1390 tellus
749 1315 863 1389 efficit,
883 1338 976 1396 quum
994 1319 1028 1378 &
1049 1318 1088 1380 ad

403 1401 528 1474 dentes,
542 1400 608 1460 &a
645 1398 714 1458 alias
730 1414 825 1478 partes
842 1398 925 1478 pellit
942 1402 1013 1458 oris.
1031 1397 1088 1459 Ita·

385 1530 390 1539 .
446 1501 462 1541 e
479 1479 579 1561 pledlri
595 1478 719 1539 similem
739 1479 866 1559 linguam
886 1475 977 1539 nostri
993 1477 1090 1540 solent

387 1616 393 1623 .
426 1563 504 1620 icere
521 1582 531 1632 3
554 1558 725 1619 chordarum
744 1557 870 1631 dentes,
888 1579 974 1619 nates
991 1562 1089 1620 corni·

403 1639 457 1698 bus
482 1640 514 1696 iis
525 1683 537 1711 ,
559 1641 609 1720 qui
627 1637 664 1696 ad
682 1658 791 1700 nervus
811 1636 947 1699 resonant
968 1641 999 1700 iu
1019 1660 1090 1701 can·

384 1718 491 1781 ,tibus-

384 1842 387 1849 -
445 1797 516 1858 LX.
540 1795 641 1876 Qudm
654 1797 728 1859 veti>
743 1815 845 1878 aptas,
856 1799 1006 1880 quinique
1016 1800 1090 1862 mul·

386 1896 498 1940 -tarum
514 1881 618 1938 attium
633 1877 771 1938 ministras
790 1899 892 1938 manus
908 1897 1010 1940 natura
1028 1881 1089 1941 ho·

383 1962 477 2025 ,mini
502 1958 610 2020 dedit!
636 1957 806 2040 Digitorum
828 1962 906 2020 enim
928 1959 1092 2032 contiaffio

384 2088 388 2101 .
406 2040 497 2100 facilis
511 2083 520 2113 ,
538 2037 680 2118 facilisque
692 2038 836 2119 porredio
847 2084 860 2114 ,.
871 2059 993 2119 propter
1013 2041 1088 2101 mol·

383 2162 388 2172 -
405 2122 449 2181 les
472 2116 686 2192 cummilluras,
705 2119 737 2178 dt
751 2137 846 2190 artus,
866 2119 947 2180 nullo
963 2122 992 2180 itt
1006 2137 1090 2181 motu

406 2200 530 2269 laborat.
547 2196 650 2276 ltaque
667 2198 705 2258 ad
721 2199 918 2280 pingendum,
930 2200 969 2260 ad
982 2199 1088 2284 lingeu-

406 2279 499 2349 dum,
521 2277 558 2336 ad
572 2276 755 2356 scalpendum
775 2323 785 2351 ‚
807 2280 844 2338 ad
861 2301 1021 2342 nervorum
1040 2281 1089 2342 eli·

406 2357 527 2417 ciendos
551 2355 642 2415 sonos·
661 2379 694 2416 ac
718 2359 874 2433 tibiarum,
899 2378 966 2440 apta
989 2381 1093 2421 manus

407 2435 475 2511 est,
502 2436 673 2498 admotione
705 2439 868 2520 digitorum.
900 2441 1002 2522 Atque
1029 2442 1089 2502 haec

407 2516 625 2578 oblellationis:
639 2518 686 2579 illa
702 2522 898 2591 necessitatis;
913 2523 1008 2581 cultus
1023 2522 1091 2581 dito

373 2641 376 2648 ,
406 2619 567 2680 agrorum,
585 2597 843 2679 exstrudliouesque
862 2599 1030 2673 tedlotuut,
1047 2619 1091 2662 te·

384 2720 389 2744 ·.
407 2697 547 2761 gumenta
567 2699 724 2758 corporum
745 2680 795 2740 vel
813 2697 892 2740 texta
904 2724 920 2753 ‚.
937 2683 988 2743 vel
1007 2681 1091 2754 suta,

408 2777 586 2836 omnemque
605 2756 744 2818 fabricam
763 2764 824 2818 aeris
844 2806 853 2834 ,
879 2761 912 2820 &
935 2760 1029 2822 ferri:
1053 2778 1092 2822 ex

383 2884 390 2892 .
409 2861 470 2919 quo
484 2838 668 2917 intelligitur,
687 2838 859 2900 adinventa
878 2842 977 2902 auimo
992 2886 1007 2915 ‚-
1026 2861 1092 2922 per·

393 2926 496 3000 'septa
518 2917 643 2982 sensibus
666 2918 798 2984 adhibitis
827 2919 968 3005 opificum
1001 2923 1093 2989 matie
