2709 4017
435 473 588 544 zzaaa
618 478 898 546 susumus.
939 488 1019 569 445.

336 585 382 647 cu'
423 605 441 646 e
461 603 526 647 exta
544 586 623 660 effe,
644 586 734 667 qualis
755 591 858 668 cuique
880 587 1022 670 obtigerit

334 666 378 726 ho
403 665 451 726 ia?
472 666 513 726 At
532 670 609 728 enim
627 668 658 726 id
684 666 776 746 ipsum
797 669 884 727 habet
912 669 1020 748 aliquid

335 745 446 818 divini,
467 769 530 827 quae
545 752 646 828 cuique
664 745 755 806 hostia
772 748 923 828 obtingat,
944 767 1020 808 tam-

358 845 426 885 uam
441 828 469 885 in
488 827 628 900 sortibus,
648 847 714 908 quaev
732 829 778 886 cui
799 828 927 888 ducatur.
942 829 1019 888 Mox

334 846 375 966 ie
399 904 542 969 sortibus:
565 928 739 989 quamquam
760 923 791 966 tu
819 907 937 989 quidem
959 930 1021 969 non
1056 944 1059 950 ·

333 983 490 1047 hostiarum
506 988 598 1048 casum
617 986 770 1047 confirmas
787 987 905 1048 sortium
923 989 1023 1049 simili·

332 1066 455 1139 tudine,
472 1067 521 1128 sed
537 1067 661 1130 infirmas
678 1068 768 1128 sortes
784 1067 1020 1129 collatione'hoss

333 1162 451 1206 ttarum.
774 1170 778 1175 ’

377 1245 425 1306 39.·
447 1226 517 1298 An,
530 1246 618 1305 quum
635 1230 664 1286 in
674 1228 878 1308 AEquimelium
892 1231 1018 1290 misimus

333 1308 385 1386 qui
401 1304 501 1366 afferat
520 1329 536 1364 a
558 1329 647 1381 num,
665 1327 753 1386 quem
768 1309 973 1381 immolemus,
992 1311 1018 1368 is

332 1386 404 1445 mihi
422 1407 510 1468 agnus
524 1328 658 1460 aiiertur,
677 1390 726 1466 qui
742 1386 830 1450 habet
847 1405 912 1446 exta
933 1389 1019 1448 rebus

331 1467 584 1539 accommodata,
612 1468 645 1527 ὃ(
669 1467 707 1526 ad
730 1487 798 1526 eum
826 1488 932 1548 agnum
957 1489 1018 1528 nost

332 1545 418 1618 casu,
439 1546 489 1606 sed
508 1547 580 1607 duce
589 1547 649 1607 deo
659 1546 755 1607 servus
766 1547 937 1608 deducitur?
950 1569 1017 1608 nam

332 1628 359 1686 si
378 1625 475 1686 c'afitm
491 1629 520 1686 in
540 1648 578 1687 eo
601 1649 720 1709 quoque
740 1629 809 1687 dicis
834 1627 911 1700 effe,
938 1630 1019 1710 quasi

328 1704 440 1766 ¹sortem
455 1708 610 1786 quamdam
631 1730 696 1768 cum
720 1708 843 1769 deorum
866 1708 1019 1770 voluntate

332 1784 537 1865 conjunciam3
551 1789 640 1847 doleo
658 1806 767 1847 tantam
779 1787 894 1848 Stoicos
907 1788 1018 1848 vestros

331 1863 480 1947 Epicureis
496 1868 632 1926 irridendi
644 1868 694 1926 ‘sui
707 1868 877 1940 ¹facultatem
892 1867 1017 1928 dedisse:

332 1967 394 2008 non
407 1949 485 2008 enim
497 1951 631 2029 ignoras,
652 1947 739 2028 quim
752 1946 802 2006 ista
812 1948 970 2007 deiideant.

330 2062 332 2067 ,
373 2045 424 2101 40.
444 2026 481 2086 Et
497 2029 616 2107 quidem
638 2029 678 2086 ilii
704 2026 813 2086 facilius
831 2028 926 2088 facere
947 2026 1019 2108 pos-

332 2104 416 2167 sunt:
436 2108 509 2168 deos
526 2111 604 2169 enim
616 2107 692 2186 ipsos
706 2106 824 2187 jocandi
840 2109 924 2167 causa
935 2110 1019 2167 indu·

332 2189 376 2247 xit
390 2186 527 2268 Epicurus
544 2189 707 2270 perlucidos
725 2189 758 2246 &
775 2188 958 2268 perflabiles,
981 2189 1015 2248 &

331 2267 522 2340 habitantes,
553 2289 702 2350 tamquam
721 2271 797 2329 inter
817 2269 891 2328 duos
913 2268 1016 2340 lucos,

326 2349 374 2406 sic
391 2350 465 2408 inter
489 2349 563 2409 duos
584 2349 739 2423 mundos,
765 2366 886 2431 psopter
907 2356 1017 2410 metum

325 2428 477 2488 uuinarum
498 2450 509 2502 3
535 2429 642 2510 eosque
663 2429 779 2488 habere
806 2446 890 2510 putat
911 2430 1016 2488 eadem

325 2510 486 2580 membra,
504 2529 568 2588 quae
583 2530 659 2574 nos.
681 2527 736 2567 uec
756 2506 837 2567 usum
856 2507 948 2567 ullum
962 2511 1019 2570 hs·-

324 2588 403 2648 Jsere
415 2589 623 2648 membrorum.
642 2585 686 2645 Er
703 2587 934 2649 oiscircuitione
1000 2614 1018 2636 ·

323 2669 401 2727 ¹‹lam
418 2668 491 2727 deos
503 2667 627 2739 tollens,
638 2715 640 2718 .
651 2607 731 2726 τεῗὶέ
741 2687 802 2727 non
817 2667 926 2728 dubitat
961 2673 1018 2727 ivia-

331 2751 482 2807 nationem
510 2747 624 2807 toliere.
646 2745 709 2808 Sed
727 2756 813 2823 non3
841 2765 872 2808 ut
894 2749 940 2806 iiic
962 2748 1021 2806 sihi·

332 2826 443 2885 constat
454 2871 464 2899 ‚
475 2829 545 2885 item
556 2826 663 2887 Stoici:
683 2827 757 2887 illius
771 2831 851 2888 enim
862 2827 936 2886 deus
946 2828 1016 2887 nihii

332 2906 443 2965 habens
466 2926 520 2965 nec
537 2905 596 2980 sui,
619 2928 674 2968 nec
694 2908 778 2967 alieni
796 2907 904 2987 negotii
916 2950 930 2977 ,
954 2927 1014 2968 nou

332 2985 429 3068 potest
450 2987 615 3049 homiuibus
630 2988 841 3050 divmatiunem
856 2987 1020 3067 impertiti:
