2709 4017
590 531 896 614 Durare,

403 647 511 725 ἄξιόμ
533 662 582 705 aut
603 666 708 707 verum
733 642 809 720 esse,
832 660 881 704 aur
906 641 1022 713 falsum.
1051 647 1090 708 Ut

402 728 481 786 enim
498 722 638 806 Epicurus
654 744 772 788 veretur
787 742 873 800 gne,
891 726 923 783 uir
934 726 994 785 hoc
1015 748 1088 788 eun-

400 803 532 879 ccfferit,
545 806 765 867 concedendum
776 807 812 864 sit
821 849 831 878 ,
839 803 906 864 -fato
918 802 1003 880 fieri,
1014 827 1089 888 quae·

397 905 523 964 eumque
539 884 608 944 fiam
618 884 665 966 (si
677 889 757 946 enim'
768 886 939 944 alterutrum
954 904 992 946 ex
1004 902 1087 948 aerer·

399 965 493 1024 nitate
514 984 616 1025 verum
635 968 691 1038 sit,
717 962 774 1024 elle
790 965 820 1022 id
843 967 931 1024 etiam
957 982 1085 1027 certum:

404 1044 460 1116 &‚
477 1046 500 1102 si
517 1062 628 1103 cerrum
640 1090 649 1117 ,
663 1046 751 1104 eriam
772 1042 980 1105 necessarium:
999 1049 1039 1106 ira
1057 1046 1087 1106 δε

402 1124 625 1195 necessitatem,
645 1125 677 1184 δι
695 1123 786 1184 fatum
802 1123 968 1203 confirmari
985 1125 1085 1207 putat)

401 1203 442 1260 uic
459 1199 643 1283 Chrysippus
661 1208 781 1278 metuit,
800 1224 858 1276 ne,
878 1207 902 1262 si
924 1225 986 1264 nou
1010 1207 1087 1265 obti-

401 1283 514 1355 nuerit,
533 1303 645 1355 omne,
666 1285 747 1364 quud
763 1286 948 1355 enuntietur,
967 1301 1016 1343 aut
1034 1305 1087 1345 ve-

403 1381 469 1419 rum
489 1358 545 1422 esse
556 1406 566 1435 ,
579 1381 628 1423 aut
642 1361 762 1436 falsum,
778 1384 838 1422 non
850 1380 972 1436 tenear,
991 1367 1086 1426 omnia

401 1437 463 1501 fato
480 1439 542 1500 fieri
557 1485 568 1514 ,
584 1442 616 1502 δι
633 1463 669 1502 ex
686 1445 776 1504 causis
795 1442 909 1503 aetemis
923 1460 1021 1504 rerum
1041 1443 1086 1504 fu·

403 1536 542 1580 aurarum.

446 1619 493 1659 aa.
519 1599 578 1659 Sed
606 1599 746 1680 Epicurus
772 1601 971 1662 declinatione
1001 1602 1086 1663 atomi

401 1679 486 1738 vitari
504 1677 554 1738 fati
576 1683 778 1742 necessitatem
797 1698 887 1762 putat.
907 1679 1011 1763 ltaque
1031 1700 1087 1744 ter·

401 1758 458 1818 tius
475 1759 592 1838 quidam
609 1777 707 1820 motus
723 1764 817 1841 oritur
831 1779 911 1822 extra
923 1761 1040 1841 pondus
1057 1762 1086 1822 δι

401 1837 537 1919 plagam,
558 1860 647 1919 quum
666 1841 792 1900 declinat
805 1859 920 1901 atomus
931 1841 1085 1902 intervallo

403 1919 544 1977 minimo:
561 1920 597 1977 id‘
611 1920 738 1998 appellat
756 1920 893 1994 ι’λάχιην.
913 1918 1018 1998 Quam
1036 1921 1086 1982 de·

401 1996 588 2068 clinationem
608 2002 671 2059 sine
690 1998 770 2059 causa
786 1997 848 2057 fieri
863 2001 886 2058 si
904 2002 1000 2060 minius
1019 2021 1087 2060 ver·

401 2075 468 2149 bis,
488 2098 519 2138 re
541 2080 652 2158 cogitur
672 2076 829 2138 confiteri:
848 2099 909 2137 nou
928 2083 1005 2138 enim
1025 2097 1086 2139 atu·

401 2176 466 2218 mus
477 2157 514 2216 ab
527 2174 630 2217 atomo
639 2157 718 2237 pulsa
731 2158 870 2217 declinate
885 2179 953 2218 nam
968 2160 1018 2239 qui
1032 2179 1087 2239 pu·

400 2235 455 2296 rest
469 2239 538 2316 pelli
554 2238 607 2298 alia
626 2239 746 2310 abella,
763 2239 786 2296 si
802 2241 943 2319 gravitate
958 2238 1085 2315 feruntur

399 2315 438 2373 ud
449 2317 687 2394 perpendiculum
701 2339 824 2397 corpora
838 2318 1006 2390 individua,
1023 2339 1086 2377 rec·

399 2394 435 2452 tis
465 2395 575 2469 lineis,
601 2413 632 2454 ut
658 2393 783 2474 Epicuro
810 2397 907 2477 placet
930 2397 941 2456 ἓ
964 2397 1084 2476 sequitur

401 2476 501 2548 enim,
518 2495 568 2548 ut,
583 2478 607 2534 si
620 2475 674 2535 alia
693 2478 728 2535 ab
743 2478 797 2536 alia
812 2497 972 2556 numquam
987 2477 1085 2557 depel-

398 2552 489 2627 latur,
500 2577 538 2615 ne
556 2560 704 2638 contingat
721 2556 839 2637 quidem
854 2557 909 2615 alia
927 2558 1031 2616 aliam:
1049 2576 1083 2617 ex

398 2652 459 2772 pue
478 2633 599 2694 efficitur
617 2681 626 2708 ‚
645 2656 675 2696 ut
695 2634 754 2715 jam
776 2637 811 2694 sit
826 2654 942 2695 atomus
961 2681 971 2707 ‚
993 2654 1084 2717 eaque

421 2713 545 2786 ecliner,
560 2715 706 2777 declinare
723 2737 788 2776 eam
804 2717 864 2774 sine
881 2713 973 2775 causa.
1002 2715 1085 2777 Hauc

399 2796 542 2854 rationem
563 2793 700 2874 Epicurus
720 2796 830 2856 induxit
851 2794 891 2854 ob
915 2814 981 2854 eam
1000 2815 1084 2868 rem,

399 2874 479 2951 quud
496 2877 603 2935 veritus
626 2873 688 2948 est,
711 2893 774 2947 ne,
794 2878 818 2936 si
835 2873 952 2955 semper
973 2890 1085 2936 atomus

399 2957 540 3031 gravitate
561 2953 682 3013 ferretur
705 2956 825 3015 naturali
846 2977 879 3015 ac
902 2953 1084 3026 necessarii,

399 3031 469 3092 uihil
485 3033 607 3095 liberum
618 3033 702 3094 uobis
717 3033 808 3110 effer,
822 3055 911 3117 quum
928 3036 970 3096 ita
981 3055 1086 3098 move·
