2709 4017
394 522 398 527 '
435 515 856 588 errarnrnos.
898 528 967 611 1'41

287 631 345 703 sit,
366 629 435 689 nihil
460 632 496 691 sit
514 631 702 691 extremum?
721 632 844 692 Pronoea
859 635 931 692 verb
947 637 971 694 si

286 708 381 769 vestra
394 708 464 783 est,
483 710 595 781 Lucili,
613 712 717 770 eadem
743 714 856 794 requiro
876 756 886 785 ,
908 733 972 793 quae
1037 754 1039 761 ,

286 789 374 868 paulb
391 791 477 861 anti,
493 787 654 863 ministros,
668 791 832 864 machinas,
849 812 969 852 omnem

285 871 375 928 totius
400 873 496 950 operis
516 871 746 1008 desiffnarionem
772 889 858 952 atque
879 893 894 930 a
917 890 971 952 pa·

285 965 400 1022 rarum,
417 952 460 1008 sin
479 949 532 1009 alia
554 968 570 1008 e
610 994 620 1023 ,
648 971 697 1010 cur
719 952 871 1012 mortalem
888 893 969 1011 sdce·

284 1031 323 1087 rit
345 1030 507 1102 mundum,
532 1049 618 1103 non,
638 1031 887 1111 quemadmodum
905 1029 970 1090 Pla·

283 1109 400 1169 tonicus
421 1109 512 1182 deus,
526 1108 745 1189 sempiternum.

324 1186 386 1247 IX.
416 1189 464 1248 Ab
492 1206 617 1269 utroque
638 1206 735 1250 autem
753 1185 895 1264 sciscitor,
917 1210 968 1250 cur

283 1267 387 1326 mundi
420 1266 605 1327 aedificatores
631 1269 750 1348 repente
777 1266 931 1329 exstiterint
954 1290 964 1342 ;

281 1348 504 1406 innumerabilia
517 1346 583 1406 ante
599 1345 693 1406 secula
707 1349 892 1406 dormierint:
907 1369 967 1408 nort

283 1427 365 1486 enim
386 1427 410 1484 si
431 1427 554 1486 mundus
576 1427 668 1485 nullus
685 1444 766 1500 erat,
791 1425 883 1484 secula
904 1448 965 1487 non

283 1523 377 1566 erant.
403 1506 505 1566 Secula
521 1526 597 1566 nunc
618 1508 704 1580 dico,
726 1517 790 1566 non?
806 1524 870 1579 ea,
902 1527 966 1588 quae

283 1585 397 1646 dierum
430 1587 614 1666 nosliumque
645 1605 767 1646 numero
799 1585 832 1644 &
864 1590 965 1648 annuis

283 1667 411 1726 cursibus
428 1665 633 1727 conficiuntur:
653 1687 725 1725 nam
739 1666 834 1726 fateor
848 1683 883 1724 ea
903 1669 965 1728 sine

282 1746 384 1805 mundi
419 1749 614 1807 conversione
640 1745 716 1805 effici
746 1765 806 1804 non
833 1745 965 1823 potuisse.

281 1822 343 1885 Sed
355 1825 407 1885 fuit
418 1827 549 1906 quaedam
562 1826 598 1883 ab
609 1823 720 1884 infinito
731 1841 866 1903 tempore
880 1844 965 1886 aeter·

250 1911 253 1919 '
280 1907 376 1979 nitas,
396 1925 483 1983 quam
500 1905 577 1963 nulla
594 1921 760 1982 temporum
772 1902 966 1984 circumstrip-

279 1985 325 2045 tio
348 1985 543 2043 metiebatur:
566 1981 656 2062 spatio
677 1995 802 2056 tamen,
822 1983 911 2060 qualis
929 2004 964 2044 ea

279 2063 396 2134 suerit,
420 2064 540 2144 intelligi
559 2083 618 2121 non
639 2060 755 2142 potest3
774 2061 910 2142 qubd-ne
933 2066 965 2122 in·

280 2145 491 2226 ‘cogitationem
504 2142 621 2224 quidem
637 2142 733 2214 cadit,
747 2159 776 2200 ut
791 2139 876 2200 fuerit
887 2158 963 2202 tem·

247 2230 250 2235 '
280 2244 335 2303 pus
352 2223 490 2304 aliquod,
512 2222 619 2281 nullum
641 2243 729 2302 quum
747 2237 860 2300 tempus
883 2220 962 2284 eliet.

324 2322 374 2363 22.
406 2301 464 2363 Isto
494 2304 578 2384 igitur
609 2321 668 2362 ram
697 2300 838 2361 immenso
869 2300 960 2382 spatio

233 2419 236 2424 -
280 2388 402 2464 quaero,
420 2383 535 2456 Balbe,
554 2403 604 2441 tur
621 2380 745 2442 Pronoea
765 2379 856 2442 vestra
874 2381 962 2442 cesla·

279 2466 365 2524 ¹verit.
387 2463 575 2524 'Laboremne
601 2459 757 2542 fugiebat?
786 2477 814 2519 at
836 2459 886 2521 iste
906 2482 959 2522 nec

279 2545 395 2624 attingit
422 2544 533 2617 deum,
566 2561 620 2599 nec
649 2539 844 2632 eramus,
869 2561 959 2619 quum

279 2642 385 2682 omnes
409 2642 516 2682 naturae
541 2622 650 2679 numini
678 2621 806 2691 divinct',
828 2620 959 2693 coelum,

277 2703 383 2783 ignes,
404 2719 508 2774 terrae,
527 2701 615 2758 maria
637 2715 783 2779 parerent.
808 2696 890 2778 Quid
908 2721 960 2759 au·

278 2797 342 2842 tem
360 2797 421 2841 erat
436 2827 446 2856 ,
463 2779 542 2862 qubd
564 2778 778 2859 concupisceret
793 2778 863 2838 deus
875 2798 963 2838 mun·

279 2860 351 2920 dum
368 2863 454 2942 signis
474 2863 506 2921 δι
526 2859 702 2933 luminibus,
722 2874 869 2939 tamquam
892 2858 961 2914 aedi·

278 2939 333 3013 lis,
351 2940 479 3001 ornare?
502 2939 551 3012 Si,
568 2956 600 2998 ut
617 2938 689 2999 deus
708 2937 767 3018 ipse
788 2936 890 2996 melibs
906 2935 959 2992 ha·

276 3020 409 3094 bitaret3
436 3037 519 3081 antea
537 3019 675 3082 videlicet
693 3029 827 3097 tempore
845 3011 959 3073 infinito
