2709 4017
393 499 467 611 342
508 511 572 586 Da
596 507 769 578 unauna
794 527 999 600 neotum,

388 643 497 765 qiam,
515 627 621 686 evertit
645 622 845 690 Corinthum:
866 623 1078 710 Carthaginem

420 705 553 770 sdrubal:
571 705 601 774 hi
619 705 678 766 duo
701 706 766 765 illos
783 705 888 767 oculos
907 727 969 769 otae
988 710 1081 768 mari-

388 788 465 845 timae
480 783 645 847 effoderunt
653 806 666 860 3
685 807 747 848 non
764 788 850 847 irams
863 786 967 862 aiicui,
985 808 1077 870 quem

388 868 510 928 omnino
529 866 608 927 irasci
626 864 707 948 poffe
727 868 857 949 negatis,
877 867 960 928 deus.
1037 900 1040 905 ·

428 945 570 1006 XXXIX.
592 947 635 1007 At
647 947 800 1009 subvenire
813 947 890 1008 cette
907 952 1005 1029 potuit
1016 993 1027 1022 ,
1038 947 1078 1007 ·&

390 1025 563 1089 conservate
577 1029 664 1088 urbes
680 1045 795 1100 tantas,
813 1045 899 1108 atque
915 1029 1000 1090 tales.
1010 1027 1078 1088 Vos

388 1109 468 1167 eninr
489 1110 497 1166 i
520 1110 543 1168 si
566 1108 662 1169 dicere
683 1108 802 1183 soletis,
827 1108 898 1168 nihil
918 1107 977 1169 effe
994 1108 1078 1190 quod

386 1189 461 1248 deus
524 1208 664 1250 cerenon
686 1190 797 1269 possit,
820 1188 853 1250 &
873 1189 994 1270 quidem
1016 1189 1078 1248 sine

388 1268 492 1329 labore
514 1269 575 1329 ullo
593 1289 600 1328 ε
626 1285 659 1329 ut
676 1272 755 1330 enirn
770 1268 923 1330 hominurn
944 1268 1078 1330 membra

388 1349 469 1410 nulii
483 1351 673 1411 contentione
686 1394 696 1423 ,
709 1354 809 1410 rnente
825 1348 888 1430 ipsi
910 1369 944 1410 ac
967 1349 1079 1411 volun·

387 1445 449 1490 tate
468 1436 661 1504 moveantur3
678 1432 718 1491 sic
731 1431 849 1490 numine
869 1429 994 1490 deorum
1014 1451 1082 1504 orn·

389 1512 438 1570 nia
447 1508 516 1592 fingi
528 1554 538 1583 ‚
549 1513 683 1582 moveri,
698 1511 861 1592 mutarique
871 1507 961 1591 poffe.
971 1508 1078 1592 Neque

389 1589 422 1650 id
439 1589 533 1650 dicitis
549 1589 763 1672 superstitiose,
782 1609 868 1671 atque
884 1590 1017 1664 aniliter,
1029 1589 1081 1652 sed

389 1669 533 1752 physici,
554 1668 753 1752 constantique
767 1675 907 1732 ¹ratione:
927 1673 1080 1732 materiam

391 1752 605 1827 enimenim,
624 1771 671 1813 ⁸en
695 1772 771 1833 qua,
793 1751 825 1812 δι
850 1754 880 1811 in
901 1772 958 1832 qua
980 1753 1081 1812 omnia

391 1834 470 1906 sint,
485 1848 577 1892 totam
593 1830 651 1892 effe
670 1831 852 1904 flexibilem,
865 1831 898 1892 &
912 1847 1080 1892 commuta-

391 1912 481 1980 bilem
493 1958 505 1985 ‚
521 1931 553 1973 ut
567 1913 635 1972 nihil
651 1916 706 1986 sit,
721 1912 801 1994 quod
813 1932 874 1973 non
883 1931 920 1972 ex
932 1931 967 1972 ea
978 1932 1083 1993 quam·

391 1995 441 2053 vit
455 1992 549 2053 subito
566 1992 662 2076 fingi,
682 1994 873 2074 convertique
888 1994 999 2074 possit:
1018 1989 1082 2070 ejus

392 2089 492 2134 nutem
514 2071 809 2136 universae‘iiitricem
820 2117 831 2145 ,
843 2073 887 2134 ,δι
906 2071 1083 2134 moderatri-

392 2174 460 2214 cem
479 2153 616 2215 -divinam
646 2151 704 2215 ess'e
733 2152 977 2234 providentiam-t
1007 2152 1082 2212 hanc

393 2234 501 2316 igitur,
522 2253 708 2315 quocumque
730 2233 759 2295 se
783 2250 904 2293 moveat
927 2230 1083 2306 ‚efficere

394 2311 477 2395 poffe
493 2358 503 2387 ,
522 2313 661 2396 quidquid
678 2315 761 2375 velit.
782 2313 883 2394 ltaque
904 2329 952 2372 aut
971 2312 1082 2385 nescit,

394 2391 464 2473 quid
473 2395 585 2473 possit3
599 2410 648 2454 aut
659 2395 779 2477 negligit
791 2414 836 2455 res
845 2394 983 2453 humanas
995 2413 1004 2464 ;
1018 2409 1082 2467 aut,

395 2473 464 2554 quid
480 2475 700 2556 sit'optimum,
722 2496 782 2535 non
797 2473 891 2555 potest
902 2471 1042 2552 judicare.

435 2569 487 2632 93.
507 2552 578 2617 Non
597 2573 675 2616 curat
693 2556 820 2639 singulos
842 2555 988 2614 homines.
1012 2551 1084 2612 Non

396 2635 520 2694 mirum:
547 2657 585 2698 ne
609 2639 739 2696 civitates
760 2635 888 2717 quidem.
914 2633 985 2694 Non
1008 2632 1101 2693 easi'

394 2734 434 2775 ne
449 2718 580 2780 nationes
598 2717 742 2797 quidem,
767 2718 799 2778 &
815 2732 927 2798 gentes.
944 2713 1038 2793 Quod
1061 2714 1085 2772 si

395 2795 447 2858 has
465 2799 554 2858 etiam
579 2812 777 2868 contemnet,
802 2796 872 2877 quid
891 2797 996 2854 mitum
1022 2790 1084 2866 est,

395 2897 487 2938 ornne
501 2877 536 2937 ab
550 2895 585 2938 ea
598 2897 689 2958 genus
704 2877 862 2936 humanum
874 2873 931 2936 effe
950 2893 1085 2935 contem·

394 2957 502 3039 ptum?
520 2956 600 3031 Sed,
614 2976 673 3038 quo
689 2958 780 3017 modo
793 2958 881 3017 iidem
895 2957 986 3016 dicitis
999 2999 1010 3028 ,
1022 2976 1085 3015 non

396 3039 495 3100 omnia
523 3037 595 3100 deos
623 3036 784 3119 persequi,
808 3039 898 3100 iidem
923 3037 1037 3112 vultis,
1068 3057 1086 3098 a
