2709 4017
412 526 570 594 Lassa
594 537 919 593 srucuannrs.
946 540 1022 621 523

341 653 420 699 retur
432 639 561 711 animus,
577 656 610 699 ut
625 658 788 700 atomorum
800 656 883 700 motu
902 658 1025 722 cogere·

342 735 399 778 tur.
425 718 504 778 Hinc
525 715 714 779 Democritus
736 719 834 780 audior
857 737 1024 779 atomorum

338 800 471 877 accipere
490 798 609 873 maluit,
632 801 806 860 necessitate
824 801 922 859 omnia
937 797 1024 874 fieri,

339 877 427 958 quim
451 899 468 937 a
497 879 665 958 corporibus
692 879 845 941 individuis
876 879 1021 940 naturales

337 975 435 1019 motus
455 958 592 1018 avellere.

378 1035 431 1096 XI.
450 1035 569 1097 Acutius
593 1036 783 1111 Carneades,
804 1038 853 1117 qui
873 1037 1023 1111 docebat,

336 1114 418 1198 polle
446 1115 604 1196 Epicureos
631 1117 710 1177 suam
735 1115 847 1177 causam
874 1120 935 1177 sine
967 1118 1022 1177 hac

339 1198 539 1256 commentitia
555 1197 748 1256 declinatione
765 1194 922 1257 defendere
934 1217 1018 1256 :nam

340 1296 430 1356 quum
449 1275 570 1336 doceret
586 1275 642 1336 effe
659 1274 740 1356 polle
759 1275 913 1354 quemdam
933 1277 1022 1335 animi

336 1372 452 1415 motum
467 1355 685 1426 voluntarium,
699 1355 729 1413 id
748 1354 801 1413 fuit
818 1353 935 1414 defendi
954 1374 1022 1415 me·

335 1435 413 1508 lius,
431 1434 525 1514 quim
552 1437 737 1495 introducere
767 1434 990 1494 declinationem
1009 1477 1022 1508 ‚

336 1513 415 1591 cujus
430 1513 583 1593 praesertim
600 1514 713 1574 causam
729 1516 855 1593 reperire
871 1535 931 1573 non
950 1533 1023 1593 pos·

335 1592 416 1653 sunt:
431 1615 490 1674 quo
508 1593 626 1654 defenso
638 1639 648 1668 ,
660 1593 745 1654 facile
765 1592 933 1674 Chrysippo
966 1613 1020 1652 os·

334 1671 397 1734 sent
414 1673 555 1733 resistere.
577 1674 681 1753 Quum
701 1676 779 1734 enim
798 1675 928 1734 concessi
951 1690 1021 1747 ent,

334 1769 450 1813 motum
466 1753 576 1812 nullum
590 1752 647 1813 elle
666 1755 727 1813 sine
742 1751 843 1826 causa,
865 1774 925 1811 non
945 1773 1021 1812 con·

334 1833 495 1905 cederent,
512 1833 630 1906 omnia,
649 1853 714 1912 quae
730 1829 851 1904 fierent,
871 1830 933 1891 lieri
951 1852 1020 1892 cau·

333 1914 372 1972 'sis
393 1911 649 1972 antecedentibus:
673 1909 830 1970 voluntatis
848 1914 926 1971 enim
947 1932 1020 1970 nos·

333 2007 385 2052 trae
406 2013 467 2050 non
486 1989 543 2053 effe
560 1989 655 2053 causas
676 1993 829 2064 externas,
851 1991 884 2051 δι
900 2006 1021 2053 antece·

333 2071 448 2132 dentes.

376 2169 425 2223 24.
444 2146 603 2209 Communi
627 2149 713 2230 igitur
731 2145 938 2208 consuetudine
957 2147 1019 2208 ser·

333 2231 430 2289 monis
452 2228 611 2302 abutimur,
624 2248 711 2308 quum
732 2230 769 2285 ita
784 2227 920 2301 dicimus,
937 2228 1017 2290 velle

333 2307 440 2390 aliquid
466 2310 630 2387 quempiam
658 2325 707 2368 aut
729 2306 808 2366 nolle
832 2310 893 2368 sine
917 2306 1016 2372 causa:

333 2389 374 2446 ita
387 2390 464 2448 enim
483 2387 621 2458 dicimus,
637 2391 697 2446 sine
711 2387 794 2464 causa
804 2431 813 2458 ‚
825 2403 855 2445 ut
870 2387 1016 2460 dicamus,

333 2463 396 2527 sine
423 2484 543 2545 externa
562 2466 594 2525 ὃ(
614 2465 795 2524 antecedenti
820 2465 927 2536 causa,
953 2486 1014 2527 non

333 2547 396 2606 sine
413 2546 448 2605 ali
470 2567 516 2604 ua.
538 2545 582 2604 Ut
598 2565 688 2625 quum
705 2565 757 2603 vas
776 2545 859 2605 inane
875 2545 1016 2621 dicimus,

333 2634 394 2688 boo
407 2567 489 2685 italo
512 2627 624 2700 uimur,
640 2642 672 2684 ut
689 2625 820 2705 physici,
834 2625 934 2705 quibus
952 2628 1016 2684 ina·

333 2726 372 2766 ne
392 2703 449 2767 elle
473 2647 542 2765 nllril
561 2705 677 2786 placet3
701 2703 751 2768 sed
772 2707 809 2763 ita
826 2749 836 2776 ,
853 2722 909 2777 ut,
931 2703 1015 2762 verbi

333 2788 444 2860 causi,
468 2787 529 2852 sine
553 2808 652 2866 aqua,
672 2785 733 2845 sine
752 2786 842 2856 vino,
863 2785 923 2840 sine
945 2781 1016 2842 oleo

332 2886 384 2926 vas
405 2864 461 2925 elle
482 2866 631 2926 dicamus:
654 2867 694 2925 sic
714 2908 724 2938 ,
742 2882 831 2944 quum
850 2864 911 2921 sine
932 2861 1013 2922 causa

333 2947 460 3005 animum
476 2949 589 3007 moveri
607 2946 746 3015 dicimus,
764 2944 824 3000 sine
837 2940 1013 3001 antecedens

333 3041 364 3090 te
382 3023 414 3087 δι
431 3024 647 3089 externatausa
664 3023 797 3096 moveri,
816 3040 875 3084 non
889 3022 1012 3084 omniuo
