2709 4017
359 534 360 539 ,
415 473 837 545 liniremur:
885 486 962 566 325

283 586 316 648 &
339 586 470 648 Orbonae
492 588 529 647 ad
552 587 645 646 aedem
671 587 802 659 Larum,
831 585 863 646 &
884 607 964 646 aram
1000 659 1002 663 .

282 668 366 727 malae
381 666 515 727 Fortunae
529 666 655 746 Esquiliis
672 667 863 726 consecratam
881 667 962 724 vide·

282 767 358 807 mus.
376 745 482 807 Omnis
495 750 578 828 igitur
589 748 653 805 talis
672 768 688 804 a
704 745 883 831 philosophia
899 745 965 825 pel-

281 826 357 886 latur
374 846 473 899 error,
493 845 545 901 ut,
567 847 655 907 quum
669 827 706 885 de
721 827 772 884 diis
790 827 964 884 immortali·

280 905 336 966 bus
362 905 556 986 disputemus,
581 907 708 966 dicamus
729 906 815 986 digna
836 905 888 964 diis
905 908 964 963 im-

280 987 470 1058 mortalibus;
495 987 532 1045 de
553 987 654 1066 quibus
672 986 766 1045 habeo
790 985 871 1065 ipse,
894 985 962 1064 quid

280 1063 400 1125 sentiam
410 1085 431 1139 3*
441 1087 501 1126 non
514 1064 609 1128 habeo
625 1083 743 1138 autem,
763 1066 831 1146 quid
843 1066 894 1146 tibi
917 1064 963 1133 af,-

280 1144 394 1210 sentiar.
422 1144 590 1225 Neptunum
618 1143 674 1205 effe
703 1146 801 1217 dicis,
837 1146 963 1205 animum

281 1245 349 1285 eum
370 1226 556 1307 intelligentia

260 1304 360 1364 ·idem
380 1305 417 1365 de
436 1303 556 1365 Cerere.
575 1247 660 1362 lstam
681 1322 778 1364 autem
797 1305 966 1385 intelligen4

280 1386 351 1451 tiam
369 1402 418 1445 aut
431 1388 534 1457 matis,
552 1402 600 1444 aut
615 1402 697 1444 tetrae
709 1405 769 1442 non
780 1385 871 1443 modo
885 1404 963 1455 com·

278 1465 462 1544 prehendere
476 1467 594 1537 animo,
614 1463 663 1525 sed
678 1467 715 1523 ne
732 1462 889 1542 suspicione
898 1465 963 1544 qui·

279 1543 349 1604 dem
360 1542 472 1624 polium
485 1548 633 1626 attingere.
646 1543 745 1623 ltaque
764 1545 878 1604 aliunde
892 1545 962 1604 milii

279 1626 467 1703 quaerendum
482 1624 542 1698 est,
559 1643 589 1684 ut
602 1627 634 1684 &
645 1621 701 1684 elle
714 1625 804 1697 deos,
821 1626 962 1706 &quales

280 1706 336 1763 sint
355 1705 415 1778 dii,
432 1703 537 1764 discere
555 1707 684 1784 possim,
704 1705 789 1784 quim
811 1708 909 1786 quales
929 1723 966 1765 tu

245 1833 247 1835 .
279 1801 332 1845 eos
348 1783 404 1845 elle
420 1786 475 1845 vis.

320 1883 369 1962 65.
390 1882 550 1966 Videamus
566 1905 601 1945 ea
612 1928 623 1955 ,
642 1905 705 1964 quae
717 1883 869 1963 sequuntur
881 1904 888 1941 :
902 1886 962 1963 pri·

278 1962 360 2038 mltm
383 1963 541 2037 deorumne
563 1964 746 2045 providentii
763 1963 885 2022 mundus
913 1984 960 2023 re-

279 2057 380 2180 patum
401 2044 506 2104 deinde
519 2044 702 2104 consulantne
715 2044 798 2102 rebus
813 2043 963 2103 humanis:

300 2143 340 2182 aec
357 2126 435 2183 enim
458 2125 525 2182 mihi
545 2146 581 2185 ex
601 2142 649 2184 tua
673 2125 827 2204 partitione
854 2121 959 2183 restant

278 2199 359 2274 duo;
384 2203 535 2283 dequibus
551 2209 575 2265 si
591 2205 676 2265 vobis
691 2203 826 2277 videtur,
840 2214 965 2283 actura-y

279 2282 334 2340 tiits
351 2280 542 2343 disserendum
559 2302 641 2366 puto.
664 2283 740 2344 Mihi
761 2283 853 2357 verb,
869 2286 961 2364 inquit

278 2359 430 2435 Velleius,
448 2365 533 2424 valde
554 2367 687 2426 videtur:
705 2385 772 2424 nam
793 2364 826 2423 &
849 2362 965 2443 majora·

279 2441 412 2521 exspedo
425 2463 435 2514 ;
450 2445 481 2503 &
503 2446 564 2519 his,
588 2467 651 2525 quae
667 2444 741 2503 ditia
765 2444 846 2514 sunt,
867 2445 961 2504 velie·

278 2538 392 2589 menter
408 2520 549 2584 affentior.
565 2521 646 2586 Tum
658 2523 789 2595 Balbus,
814 2521 960 2603 Interpel·
991 2520 992 2524 ’

278 2599 339 2661 lare
354 2617 402 2674 te,
423 2604 532 2682 inquit,
551 2601 660 2676 Cotta,
680 2603 751 2663 nolo
769 2621 779 2674 ;
801 2601 850 2663 sed
866 2601 960 2663 sume·

277 2700 344 2744 mus
363 2698 422 2741 tem
444 2704 476 2742 us
501 2682 598 2742 aliud:
618 2682 738 2744 efficiam
754 2681 906 2761 profelllt,
927 2698 960 2741 ut

277 2758 397 2820 fateare.
432 2762 469 2822 ed
483 2763 498 2792 ⁸
510 2763 524 2792 *
535 2764 550 2794 ⁴¹
564 2765 659 2826 Multa
675 2763 778 2844 deficat.

259 2948 262 2952 .
313 2901 411 2952 xxvl.
428 2903 579 2972 Nequaquam
595 2906 651 2969 istuc
661 2908 718 2970 illac
728 2907 788 2958 ibit:
799 2923 884 2975 magun
900 2904 961 2966 ineld

350 3008 468 3044 certatio:

600 1244 632 1284 er
650 1245 732 1284 mare
746 1227 964 1302 pertinentem:
1040 1290 1046 1294 ,
