2709 4017
377 492 459 590 516
503 529 510 541 ε
579 492 862 572 ΒἙΗΤΟ)

381 621 498 669 ceteros
520 601 644 664 artifices
663 600 769 675 versari
789 603 819 662 in
840 600 893 662 suo
909 619 1070 680 munere,

379 703 431 751 aut
451 705 528 758 eos,
548 686 597 765 qui
617 683 795 742 divinatione
815 699 952 756 utantur,
973 683 1072 753 futura

380 764 550 847 praedicere.
572 761 634 824 Sint
654 764 739 844 igitur
765 758 979 844 astrologorum
1001 784 1070 844 per·

381 864 470 924 cepta
494 841 674 905 bu'usmodi:
694 840 724 901 Si
744 844 829 921 quis,
847 844 933 903 verbi
953 845 1068 921 causi,

382 927 497 986 oriente
517 866 654 985 &anicula
663 939 744 981 natus
758 918 817 993 est,
831 924 855 980 is
871 925 900 982 in
918 925 994 983 mari
1008 946 1069 986 uon

383 1006 536 1065 morietur.
561 1002 684 1082 Vigila,
707 998 901 1081 Chrysippe,
926 1023 964 1063 ne
987 1021 1068 1065 tuam

381 1083 514 1153 causam,
527 1085 556 1140 in
574 1080 693 1163 quatibi
704 1101 768 1140 cunr
785 1078 944 1156 Diodoro,
962 1084 1069 1144 valeu-

380 1179 414 1224 te
433 1161 603 1234 dialeffico,
616 1181 720 1242 magna
732 1159 847 1220 luiiatio
864 1159 925 1233 est,
941 1161 1067 1225 deseras.

381 1240 414 1305 Si
429 1245 506 1303 enim
524 1240 564 1302 est
580 1261 704 1313 verum,
718 1240 798 1321 quod
814 1242 851 1298 ita
866 1242 1065 1318 connestitur,

381 1321 413 1384 Si
429 1325 492 1403 quis
508 1324 620 1382 oriente
636 1319 775 1380 Caniculi
790 1340 873 1380 natus
889 1318 950 1395 est,
964 1325 994 1383 in
1007 1342 1064 1393 mnf

381 1405 408 1463 ri
422 1425 482 1462 non
496 1405 654 1469 morietur;
668 1401 739 1460 illud
751 1420 867 1480 quoque
885 1420 989 1471 verum
1005 1403 1062 1475 est,

381 1480 414 1543 si
431 1482 534 1542 Fabius
552 1483 664 1543 oriente
681 1479 821 1540 Caniculit
835 1498 916 1539 uatus
931 1480 992 1556 est,
1011 1481 1065 1542 Fa·

380 1561 444 1624 bius
460 1565 488 1620 in
506 1565 578 1621 mari
594 1583 653 1621 non
672 1563 819 1620 morietur.
841 1559 882 1619 Pu
902 1581 972 1620 nant
994 1582 1066 1644 ergu

380 1639 443 1702 baec
460 1643 534 1699 inter
544 1640 592 1712 se,
607 1639 729 1699 Fabium
742 1645 853 1701 oriente
896 1642 1007 1701 aniculzi
1019 1663 1065 1703 na·

379 1734 443 1781 tum
461 1718 517 1779 effe
527 1763 539 1790 ‚
557 1718 724 1779 &Fabium
743 1723 771 1778 in
790 1723 860 1780 mari
878 1724 1066 1782 moriturum

381 1797 416 1862 &
434 1801 571 1880 quoniam
588 1819 700 1859 certum
717 1803 744 1860 in
757 1799 848 1860 Fabio
865 1803 1065 1880 ponitur,or·

381 1894 446 1954 turn
464 1878 520 1941 effe
533 1901 599 1940 eum
612 1877 898 1954 Canicula-oriente,
916 1880 977 1942 haec
994 1903 1066 1963 quon

381 1979 440 2041 que
460 1976 607 2041 pugnant,
618 1960 652 2019 &
669 1959 727 2021 effe
743 1960 884 2033 Fabium,
901 1959 978 2022 &in
993 1960 1064 2023 mari

381 2038 440 2102 effe
460 2043 641 2100 moriturum.
664 2039 744 2120 Ergo
772 2041 831 2100 haec
854 2062 973 2121 quoque
985 2040 1066 2108 ’ωηοι

379 2114 490 2200 juniiio
512 2119 553 2180 est
572 2140 608 2180 ex
628 2120 873 2199 repugnantibus,
895 2123 937 2181 Et
953 2125 986 2203 est
1002 2126 1064 2181 Fa«

379 2202 463 2274 hius,
487 2202 514 2260 θ
530 2203 560 2260 in
576 2202 646 2259 mari
663 2198 768 2260 Fabius
783 2203 929 2260 morietur:
941 2201 1064 2280 quodue

378 2281 564 2418 groposirum
587 2279 655 2348 est,
675 2300 712 2340 ne
734 2279 795 2340 fieri
816 2280 934 2361 quidem
958 2279 1063 2363 potest.

407 2379 460 2439 rgo
478 2357 569 2429 iilud,
589 2358 732 2417 Morietur
750 2362 779 2418 in
798 2361 870 2420 mari
882 2359 1008 2433 Fabius,
1024 2380 1063 2421 ex·

379 2457 418 2500 eo
434 2457 541 2520 genere
552 2434 611 2510 est,
627 2437 707 2518 quod
721 2436 782 2499 fieri
794 2460 855 2499 non
864 2440 975 2520 potest..
988 2440 1060 2502 Oru-

378 2537 417 2579 ne
435 2521 539 2598 igitur,
557 2518 637 2600 quod
655 2515 757 2579 falsum
776 2519 878 2587 dicitur
895 2521 926 2580 in
944 2520 1061 2595 futuro,

376 2597 409 2658 id
424 2595 487 2657 fieri
504 2619 563 2658 non
580 2594 688 2678 potest.
763 2640 767 2647 .
1061 2633 1063 2639 -

419 2676 487 2736 VII.
509 2677 551 2735 At
566 2678 642 2751 hoc,
655 2675 843 2758 Chrysippe,
857 2680 978 2739 minimi
997 2682 1063 2753 vis,

377 2756 561 2839 maximeque
579 2757 630 2815 tibi
648 2757 685 2816 de
705 2758 760 2817 hoc
777 2758 839 2837 ipso
854 2776 921 2818 cum
941 2758 1058 2820 Diodo-

279 2843 283 2850 '
376 2859 412 2899 ro
431 2855 577 2898 certamen
599 2834 650 2894 est.
673 2835 726 2896 Ille
746 2841 821 2898 enirn
838 2839 868 2897 id
885 2838 977 2899 solum
998 2839 1063 2899 fieri

377 2916 457 2996 poffe
476 2918 562 2990 dicit,
574 2915 653 2994 quod
668 2932 716 2977 aut
732 2918 767 2976 sit
781 2938 903 2990 verum,
920 2936 970 2978 aut
983 2918 1063 2981 futui

373 3017 438 3073 rum
452 2999 487 3060 sit
500 3015 619 3062 verum:
638 2994 692 3071 &,
706 2997 846 3080 quidquid
862 2996 1059 3076 futurumsit,
