2709 4017
405 532 485 627 478
534 531 600 599 Da
633 540 979 627 mmmm,

406 648 556 716 :tulerunt3
576 659 607 701 ut
630 639 862 702 Demosthenem
881 641 979 703 scribit
999 640 1098 704 Phale-

405 748 499 799 neus,
517 743 606 806 quum
620 739 697 785 uno
718 721 814 782 dicere
838 725 998 803 nequiret,
1020 745 1098 784 exer·

406 809 549 867 citatione
576 802 696 875 secisse,
719 820 750 862 ut
779 803 948 882 planissime
984 805 1099 866 diceret·

405 886 510 966 Quod
532 887 556 946 si
579 884 639 942 haec
656 881 733 942 astro
755 884 925 964 ingenerata
948 884 983 944 &
998 886 1097 947 tradita
1131 887 1135 974 l

404 967 524 1037 allent,
544 963 621 1023 nulla
632 973 678 1022 res
692 982 726 1023 ea
738 980 849 1023 mutare
867 962 975 1044 posset.
997 962 1096 1045 Quid?

412 1043 611 1109 dissimilitudo
621 1044 757 1103 locorum
770 1064 871 1107 nonne
883 1045 1039 1106 dissimiles
1049 1045 1096 1104 ho·

400 1130 522 1191 ‚minum
539 1127 758 1206 procreationes
773 1123 883 1184 habeti
897 1146 973 1206 quas
984 1126 1095 1206 quiden

434 1226 580 1269 ercurrere
596 1207 732 1267 oratione
745 1203 832 1268 saeile
846 1203 910 1279 est„
939 1208 1011 1284 quid
1029 1210 1095 1267 inter

401 1231 504 1350 fndus
526 1287 558 1347 δι
581 1284 700 1360 Persas,
727 1285 759 1346 δι
781 1284 936 1366 AEthiopas
956 1289 991 1347 &
1010 1286 1094 1366 Syros

409 1367 525 1431 differat
534 1366 722 1447 corporibus,
736 1368 836 1425 animis
848 1386 858 1439 ;
878 1385 912 1427 ut
926 1367 1094 1430 incredibilis

410 1452 537 1515 uarietas
550 1446 809 1526 dissimilitudoque
822 1447 870 1510 tit.

454 1548 504 1608 97.
523 1526 567 1588 Ex
581 1548 641 1607 quo
659 1527 826 1608 intelligitur
845 1573 855 1602 ,
873 1526 943 1607 plus
961 1544 1093 1590 terrarum

408 1610 502 1680 situs,
523 1606 610 1686 quim
626 1608 701 1668 lunae
721 1606 845 1682 eradius,
869 1610 909 1672 ad
926 1608 1093 1669 nascendum

411 1689 522 1748 valete.
538 1686 616 1746 Nam
633 1687 715 1767 quod
732 1691 831 1759 aiunt,
847 1688 1094 1771 quadringenta&

411 1767 590 1850 septuaginta
615 1769 704 1828 millia
721 1788 866 1843 annorum
880 1770 912 1828 in
934 1771 1095 1850 periclitan·

408 1849 487 1923 dis,
510 1847 697 1929 experiundis
713 1869 750 1909 ue
775 1850 898 1930 pueris,
929 1853 1096 1931 quicumque

409 1928 505 1992 essent
517 1932 596 2000 nati,
616 1869 800 2009 Babydonios
818 1927 962 2010 posuisse,
983 1929 1094 1991 fallunt:

409 2012 529 2072 sienim
548 2008 619 2070 esset
634 2009 821 2083 faslitatum,
847 2031 910 2070 non
929 2009 1001 2072 effer
1024 2011 1098 2071 desi·

413 2110 493 2153 tum:
509 2094 764 2151 neminemautem
779 2091 920 2154 habemus
934 2091 1097 2164 aridiorem,

411 2175 465 2255 .qui
479 2172 509 2230 id
529 2190 577 2231 aut
597 2170 659 2230 sieri
675 2172 771 2245 dicat,
789 2189 837 2231 aut
847 2170 958 2232 sallum
972 2171 1053 2231 sciat.

453 2251 578 2311 XLVII.
599 2250 755 2325 Videsne,
779 2272 827 2311 me
848 2274 910 2312 non
929 2272 966 2313 ea
983 2252 1097 2325 dicere,

435 2352 477 2389 uae
496 2328 691 2403 Carneades,
710 2331 762 2391 sed
786 2352 848 2404 ea,
876 2355 942 2414 quae
965 2335 1096 2413 princeps

408 2351 578 2473 stoicorum
596 2407 738 2471 Panaetius
759 2411 884 2472 dixerit?
913 2412 980 2495 Ego
1004 2430 1096 2472 autem

409 2495 501 2557 etiam
515 2493 572 2551 hoc
581 2495 716 2572 requiro,
727 2493 886 2566 omnesne,
914 2492 1098 2553 uiCannensi

412 2574 512 2656 pugni
526 2574 710 2648 ceciderunt,
728 2595 787 2633 uno
803 2572 877 2634 astro
894 2515 1021 2633 suerint:
1037 2575 1097 2634 eui⁴

410 2669 458 2714 tus
484 2655 601 2734 quidem
628 2658 758 2714 omnium
782 2676 854 2714 unus
880 2655 913 2714 &
933 2653 1016 2715 idem
1036 2653 1098 2717 fuit.

409 2733 497 2814 Quid
508 2736 519 2794 ?
533 2739 582 2816 qui
593 2736 711 2814 ingenio
721 2751 806 2816 atque
815 2737 913 2796 animo
923 2735 1097 2816 singulares,

410 2837 485 2874 num
501 2813 574 2874 astro
592 2835 710 2893 quoque
729 2815 812 2876 uno?
829 2817 910 2897 quod
928 2818 1009 2875 enim
1022 2831 1097 2875 tem-

410 2916 494 2975 pus,
516 2915 575 2974 quo
599 2914 658 2951 non
674 2896 899 2956 innumerabiles
925 2892 1098 2956 nascantur?

409 2991 442 3037 at
457 2976 534 3033 certe
547 2973 643 3031 similis
662 2994 752 3035 nemo
766 2977 901 3038 Homeri.

405 3112 418 3116 .,
451 3052 504 3136 98.
522 3052 616 3130 Et,si
630 3053 667 3116 ad
676 3060 899 3144 sempertinet,
919 3076 981 3140 quo
1001 3053 1098 3127 modo,
