2709 4017
373 479 375 484 ⁵
406 508 484 593 '232
519 495 587 564 Du
611 510 786 565 muru
810 512 1031 584 urorum

404 611 436 670 id
458 609 517 682 est,
538 613 675 693 igneam,
693 633 757 694 quae
780 630 833 690 per
850 609 911 671 sese
927 617 1034 675 omnia
1051 618 1097 698 gi·

404 710 533 771 gruter,
560 713 663 754 vacare
688 691 845 753 voluerunt
865 691 901 751 ei
923 712 1011 770 parte
1031 717 1098 756 cor·

404 774 503 849 poris,
525 793 589 852 quae
615 771 821 852 conjuniiione
845 771 965 832 alterius
994 792 1096 858 egeret

407 850 446 909 ad
463 854 685 931 procreandum.

444 948 545 1011 XXV.
567 951 720 1012 Saturnum
744 968 840 1012 aurem
865 971 934 1013 eum
959 950 1021 1014 effe
1044 975 1101 1015 vu·

402 1027 538 1104 luerunt,
561 1036 610 1113 qui
626 1033 736 1092 cursum
748 1033 779 1092 &
790 1034 1020 1093 conversionem
1032 1032 1098 1114 sp'a·

404 1111 513 1171 tiorum
526 1133 559 1171 ac
574 1132 741 1193 temporum
757 1116 942 1185 contineret,
960 1117 1012 1194 qui
1027 1115 1102 1175 deus

405 1187 510 1251 Graecb
536 1193 566 1251 id
589 1193 682 1273 ipsum
714 1214 824 1253 nomen
847 1193 957 1252 iubet.
996 1197 1097 1271 Κρῶφι

406 1272 485 1332 enirn
497 1273 600 1333 dicitur
609 1295 619 1346 ;
639 1277 687 1355 qui
703 1273 744 1334 est
760 1273 840 1333 idern
855 1277 974 1348 χρόνω»,
993 1272 1096 1347 idest,

406 1349 528 1432 spatium
544 1357 693 1434 temporis.
712 1354 849 1417 Saturnus
864 1369 963 1412 autern
983 1352 1027 1413 est
1044 1376 1096 1435 ap·

406 1432 549 1512 peilatus,
561 1436 641 1516 qubd
652 1434 789 1495 saturetur
805 1435 885 1492 annis
897 1453 908 1491 τ
920 1451 956 1493 ex
972 1432 1004 1494 se
1019 1434 1096 1494 enim

405 1531 490 1573 natos
513 1514 637 1576 comeffe
661 1514 776 1596 fingitur
795 1513 911 1586 solitus,
933 1516 1003 1593 quia
1025 1522 1099 1576 cou·¹

405 1592 489 1651 sumit
513 1611 581 1653 aetas
610 1612 780 1674 temporum·
810 1596 926 1675 spatia,
955 1593 1047 1655 anuis
1080 1614 1100 1656 e-

405 1676 558 1752 praeteritis
574 1674 793 1735 insaturabiliter
812 1674 955 1754 expietur.
973 1616 1100 1738 viniiiu

407 1751 448 1813 est
463 1771 560 1814 autem
577 1756 705 1830 aJove‚
726 1776 763 1816 ne
777 1754 991 1815 immoderatos
1001 1756 1096 1817 cursus

407 1832 558 1910 haberet,
586 1855 672 1918 atque
696 1852 725 1896 ut
749 1856 818 1896 eum
837 1835 965 1895 siderum
993 1837 1097 1898 vinclis

407 1915 547 1996 alligaret.
565 1915 623 1977 Sed
641 1917 700 1998 ipse
718 1917 850 1997 Jupiter,
867 1913 970 1990 idest,
986 1915 1098 1997 juvans

402 2015 504 2076 pater,
521 2017 607 2077 quern
619 2000 765 2057 conversis
779 1996 890 2055 casibus
910 2000 1097 2076 appellamus

407 2097 425 2133 a
441 2073 571 2154 juvando
587 2078 714 2150 iovem,
738 2100 755 2136 a
775 2078 869 2157 po'e'tis
888 2095 972 2156 pater
987 2080 1098 2141 divrim·

407 2177 459 2234 que
471 2158 656 2236 hominumque
681 2159 804 2229 dicitur3
824 2178 840 2215 a
861 2154 1024 2235 majoribus
1048 2178 1098 2220 au·

407 2250 469 2293 rern
483 2236 584 2296 uostris
595 2242 735 2318 optimus,
752 2239 889 2296 maximus
897 2259 910 2307 ,·
930 2237 1097 2320 &quidem

407 2315 474 2373 anti
491 2319 638 2395 optimus,
659 2318 690 2376 id
708 2317 772 2389 est,
795 2315 1097 2394 beneficentissimus,

320 2414 324 2421 ’
407 2394 495 2474 quim
508 2398 667 2470 maximus,
688 2401 754 2478 quia
771 2397 863 2476 majus
881 2396 942 2473 est,
957 2402 1098 2482 certique

408 2477 541 2556 gratius,
572 2477 706 2559 prodeffe
732 2480 892 2552 omnibus,
912 2483 1004 2560 quim
1023 2500 1099 2563 opes

407 2576 528 2638 magnas
540 2560 658 2622 habere.

449 2658 498 2740 65.
519 2659 605 2719 Hunc
620 2664 628 2720 i
650 2664 705 2720 itur
723 2659 852 2732 Ennius,
866 2672 898 2716 ut
914 2656 999 2740 supri
1019 2659 1101 2736 dixi,

408 2757 554 2820 nuncupat
570 2742 610 2799 ita
628 2683 745 2815 istem,

408 2887 512 2958 Adspice
521 2891 564 2938 hoc
572 2886 671 2956 sublime
680 2891 781 2942 cardius
789 2922 798 2947 ‚
815 2905 880 2957 quem
889 2889 1007 2943 invocant
1019 2904 1103 2945 urmes

418 3001 420 3007 ’
482 2981 573 3037 lovem.
