2709 4017
381 465 462 563 556
496 467 563 539 Du
586 480 771 541 naruan'
787 484 994 551 osonum

381 587 472 646 virtus
487 583 550 643 sine
569 587 682 646 ratione
692 583 822 646 constare
831 631 842 662 ‚
852 608 908 648 nec
921 591 996 649 ratio
1016 585 1069 650 us:

381 661 698 807 ibiflui&
710 666 1071 808 pffippdpgppp0mi

379 841 676 986 inimisit?
690 826 857 968 {lili
867 826 1068 991 ‘lllltsslz

378 983 430 1044 sed
447 986 528 1066 quasi
543 984 720 1068 sanguinem.
744 986 817 1048 Haec
835 1008 1009 1070 quamquam
1031 989 1067 1049 &

379 1065 500 1124 inventa
516 1064 578 1125 sunt
591 1069 699 1127 acutius
716 1111 726 1141 ‚
743 1067 776 1128 δι
797 1067 870 1128 diua
887 1068 1013 1128 subtilius
1025 1069 1065 1129 ab

379 1140 529 1225 Epicuro,
548 1145 636 1226 quim
651 1165 683 1207 ut
695 1148 789 1226 quivis
802 1167 837 1209 ea
853 1150 945 1228 possit
958 1167 1066 1230 agnos·

376 1243 447 1286 cere
459 1246 468 1298 3
482 1243 579 1286 tamen
592 1225 681 1288 fretun
690 1227 879 1309 intelligentii
890 1227 983 1290 vestri
1000 1227 1065 1287 dis-

376 1324 447 1367 sero
461 1307 577 1367 brevibs
587 1352 598 1380 ‚
610 1307 698 1404 quim
715 1308 796 1369 caula
813 1309 969 1370 desiderat.
988 1305 1065 1388 Epi-

379 1407 464 1447 curus
487 1405 604 1461 autem,
689 1408 736 1450 res
752 1389 925 1450 occultas&
969 1389 1064 1448 enitus

377 1466 490 1528 abditas
499 1489 559 1528 non
570 1408 882 1529 mobblvideritanimo
891 1513 901 1542 ,
909 1411 965 1528 sep
972 1470 1064 1529 etiam

281 1547 285 1552 ’
380 1549 422 1606 sic
441 1546 561 1620 trabiet,
577 1564 609 1606 ut
624 1569 731 1621 manu,
749 1548 837 1609 docet
852 1569 918 1609 eam
933 1547 989 1610 effe
999 1550 1062 1617 vim

380 1626 415 1686 &
435 1641 564 1686 naturam
584 1625 727 1699 deorum,
739 1645 771 1688 ut
785 1630 909 1709 primum
922 1649 982 1688 non
994 1626 1062 1687 sen·

375 1703 408 1764 su
427 1749 438 1779 ,
458 1705 508 1766 sed
530 1723 628 1767 mente
648 1723 781 1767 cernatur
802 1729 809 1768 τ
836 1728 891 1769 nec
918 1706 1060 1768 soliditate

377 1786 505 1925 putidam
521 1830 531 1860 ,
549 1806 605 1846 nec
625 1787 662 1846 ad
681 1808 852 1860 numerum,
867 1806 902 1848 ut*
914 1808 975 1860 ea,
995 1808 1061 1868 quae

375 1889 386 1924 r

398 1866 426 1927 le
436 1871 566 1948 'propter
585 1865 756 1928 firmitatem
768 1872 885 1946 ςιρίμνκ
904 1868 1059 1947 appellat,

376 1943 428 2007 sed
443 1949 614 2029 imaginibus
625 1993 635 2023 ,
648 1948 877 2008 similitudine&
891 1950 1059 2009 transitione

377 2029 544 2109 perceptis:
562 2048 707 2110 quumque
721 2027 830 2086 infinita
851 2028 1060 2088 simillimarum

377 2108 535 2189 imaginum
547 2106 655 2187 species
663 2128 710 2168 ‘ex
721 2105 971 2165 innumerabilibus
982 2108 1060 2166 indi·

376 2187 472 2247 viduis
483 2185 614 2261 exsistat,
633 2188 693 2246 &a
706 2185 762 2244 deo
775 2183 889 2251 affluat,
907 2200 969 2243 tum
990 2207 1060 2246 ma-

376 2269 460 2326 ximis
481 2266 677 2345 voluptatibus
694 2267 722 2322 in
742 2284 791 2324 eas
810 2265 949 2344 imagines
970 2285 1060 2326 men-

374 2362 438 2406 tem
455 2347 595 2406 intentam
614 2342 786 2425 infixamque
804 2343 953 2418 nostram,
973 2347 1060 2406 intel·

373 2426 521 2507 ligentiam
538 2443 659 2505 capere,
678 2444 742 2506 quae
758 2427 794 2485 sit
811 2425 843 2486 &
860 2425 946 2484 beata
957 2444 1058 2488 natura

374 2505 409 2567 &
425 2521 541 2567 aeterna.

361 2612 364 2617 ·
415 2583 512 2647 XIX.
533 2583 651 2646 Summa
667 2580 740 2647 verb
762 2587 806 2645 vis
825 2582 970 2644 infinitatis
992 2607 1057 2646 tna·

375 2666 432 2748 gni
452 2689 487 2726 ac
508 2666 637 2748 diligenti
658 2667 906 2746 contemplatione
924 2666 1058 2746 dignissi-

375 2768 425 2807 ma
444 2745 504 2819 est3
524 2749 553 2807 in
574 2767 630 2826 qua
644 2747 765 2828 intelligi
784 2743 897 2807 necelle
910 2745 970 2819 est,
988 2765 1056 2806 earn

375 2825 432 2889 effe
450 2842 599 2898 naturam,
618 2842 650 2884 ut
666 2829 765 2886 omnia
783 2826 917 2886 omnibus
937 2825 1054 2906 paribus

395 2911 453 2968 aria
471 2906 681 2988 respondeant:
699 2907 772 2965 hanc
786 2909 914 2984 inrapiat
925 2905 1055 2985 appellat

355 2928 530 3070 ⁴Epicurum
543 2988 572 3048 id
587 2986 648 3061 est,
664 2985 834 3070 aequabilem
854 2985 1057 3057 tributionem.
