2709 4017
396 506 474 580 452
526 485 592 552 De
622 501 987 571 nutriamur,-

396 598 500 682 puerili
509 597 604 678 specie
619 597 721 656 dicitur
733 595 831 670 visus,
844 595 897 657 sed
909 597 998 659 senili
1008 596 1091 659 fuisse
1128 598 1130 629 ¹

393 680 558 820 pertudentii.
578 674 650 756 Ejus
667 676 802 757 adspedlu
817 677 1089 766 quum5obstupnis2

447 759 609 830 bubulcus,
628 758 846 837 clamoremque
859 779 1012 836 majorem
1021 779 1083 819 cum

393 839 585 899 admiratione
605 835 735 897 edidisset
747 859 757 910 ;
771 837 946 898 concursum
959 836 1019 901 esl'e
1030 838 1084 919 sac·

393 935 488 992 tum,
518 935 670 998 totamque
694 919 780 977 brevi
798 934 940 998 tempore
969 921 1001 980 iu
1022 939 1084 980 eum

393 999 493 1060 locum
518 997 661 1057 Etruriam
680 995 852 1059 ‘convenisse
875 1019 884 1057 ε
918 1017 986 1059 tum
1009 1001 1083 1060 illum

394 1079 475 1160 plura
507 1079 638 1137 locutum
663 1076 760 1136 multis
792 1077 1011 1153 audientibus,
1040 1081 1084 1160 qui

395 1160 494 1219 omnia
514 1156 577 1236 ejus
600 1157 692 1218 verba
714 1159 907 1236 exceperint,
929 1156 1084 1240 litterisque

394 1238 617 1299 mandaverint:
648 1255 770 1297 omnem
794 1256 893 1297 autem
919 1242 1084 1301 orationem

396 1317 477 1380 fuisse
493 1337 577 1391 eam,
596 1316 653 1397 qud
666 1315 829 1396 aruspicinae
850 1315 1000 1397 disciplina
1015 1341 1084 1379 con·

395 1401 555 1459 tineretur:
575 1417 640 1456 eam
651 1394 750 1475 postea
764 1394 884 1456 crevisse
898 1396 992 1459 rebus
1003 1401 1087 1463 nov'u.

394 1500 411 1540 c
452 1476 628 1548 noscendis,
645 1477 677 1536 δι
695 1475 733 1535 ad
749 1475 855 1536 eadem
873 1474 924 1537 illa
945 1480 1088 1560 principia

394 1578 426 1618 re
440 1558 564 1618 erendis.
582 1554 654 1614 Haec
672 1577 742 1617 acce
764 1557 838 1615 imus
859 1554 895 1616 ab
916 1559 1008 1638 ipsis:
1028 1559 1088 1619 hac

395 1636 499 1716 scripta
518 1634 715 1696 conservant:
743 1577 820 1698 lunc
842 1635 962 1699 fontem
978 1638 1086 1702 habent

397 1715 562 1796 disciplina.
988 1768 993 1775 .

441 1815 487 1877 5¹·
508 1795 587 1855 Num
607 1815 677 1878 ergo
696 1817 770 1877 opus
786 1793 827 1856 est
850 1794 888 1855 ad
911 1795 979 1858 haec
995 1796 1087 1879 tresel-7

394 1877 484 1940 lenda
507 1875 683 1938 Carneade?
711 1897 780 1955 num
807 1875 969 1957 Epicuro?
999 1876 1088 1939 Estne.

395 1957 543 2040 quisquam
565 1958 603 2016 ita
621 1957 787 2036 desipiens,
801 1959 850 2038 qui
867 1952 969 2042 credat
986 1948 1084 2019 exara²

396 2057 461 2099 tum
481 2036 558 2111 esse,
576 2038 665 2098 deum
682 2036 796 2110 dicam,
820 2058 857 2096 an
872 2037 1087 2101 hominem3si

397 2120 498 2193 deus,
527 2140 577 2191 cur
601 2117 630 2178 se
655 2136 756 2177 contra
780 2135 911 2178 naturam
932 2115 1083 2180 interram

360 2258 363 2269 ,
397 2200 541 2260 abdiderit
558 2243 568 2272 ,
589 2219 620 2256 ur
634 2196 792 2278 patesailus
807 2217 902 2258 aratro
921 2198 1018 2260 lucem
1033 2200 1085 2259 ad·

396 2278 540 2358 spiceret?
559 2278 649 2357 quid?
666 2277 745 2338 idem
762 2299 861 2338 nonne
881 2297 999 2358 poterat
1015 2280 1086 2340 dens

307 2423 315 2443 ¹
395 2357 562 2422 hominibus
596 2355 773 2436 disciplinam
799 2357 947 2438 superiore
974 2381 991 2420 e
1017 2361 1084 2422 loco

396 2437 534 2499 tradere?
552 2433 582 2495 Si
599 2454 697 2498 autern
713 2439 804 2498 homo
822 2439 870 2499 ille
885 2437 987 2521 Tages
1010 2434 1086 2512 suii,

394 2539 523 2598 quonam
544 2517 635 2578 modo
655 2521 750 2599 potuit
771 2519 848 2578 terri
869 2519 1020 2600 oppressus
1040 2523 1084 2578 vi-

395 2599 490 2658 vere?
511 2597 587 2658 unde
602 2602 690 2679 porri>
708 2598 756 2657 illa
793 2601 887 2670 uruit,
905 2621 972 2680 quae
990 2600 1085 2659 doce-

397 2679 448 2739 bat
464 2679 566 2753 alios,
593 2678 652 2757 ipse
679 2621 826 2739 didicille?
859 2677 919 2739 Sed
938 2699 995 2760 ego
1019 2681 1086 2739 insi·

395 2762 542 2840 pientior‚
560 2757 646 2837 quim
663 2757 703 2818 illi
718 2761 796 2838 ipsi,
815 2759 864 2839 qui
877 2757 928 2818 ista
943 2759 1086 2834 credunt,

396 2842 446 2922 qui
485 2839 581 2897 uidem
597 2854 697 2896 contra
712 2859 764 2898 eos
784 2839 911 2910 tamdiu
930 2837 1087 2920 disputem.

436 2919 466 2978 X
497 2918 552 2979 lV.
573 2915 667 2976 Vetus
689 2937 785 2979 autem
803 2918 873 2978 illud
891 2915 1017 2980 Catonis
1031 2919 1086 2978 ad·

396 2999 519 3063 modum
534 2997 633 3060 scitum
654 2994 715 3073 est,
738 3000 788 3082 qui
806 3001 903 3064 mirari
918 2997 948 3061 se
965 3000 1087 3084 aiebat,
