2709 4017
481 514 644 580 Ltuuu
675 527 882 583 fumus.
943 502 1015 608 183

374 622 550 687 XXXVI.
580 624 622 684 At
650 643 704 695 eos¹
728 625 910 705 vituperabas
931 657 950 698 ‚·
969 629 1021 707 qui

333 723 373 766 ex
402 707 540 787 operibus
561 703 718 786 magnificia
739 721 826 785 atque
846 704 987 786 praeclaris
1008 722 1022 779 ²,

332 805 424 866 quum
442 785 532 868 ipsum
551 785 713 859 mundum,
733 805 822 866 quum
842 781 903 866 ejus
923 799 1017 845 mem*

333 865 386 925 bra
404 909 414 939 ,
434 867 539 926 coelum
559 911 570 939 ,
589 866 678 927 terras
695 909 710 936 ,
729 867 818 924 maria
837 908 847 938 ‚
869 883 1020 946 quumque·

333 943 439 1005 horum
464 947 606 1028 insignia,
629 945 741 1018 solem,
763 945 885 1018 lunam,
906 943 1019 1006 stellas-

334 1045 394 1107 que
410 1024 543 1087 vidissent
563 1071 573 1099 ‚
593 1045 742 1106 quumque
762 1041 929 1106 temporum
951 1047 1029 1095 ma(

332 1107 464 1165 turitates
486 1150 496 1178 ‚
522 1108 699 1165 mutationes
720 1149 732 1178 ,
754 1103 1021 1185 vicissitudinesque

334 1205 374 1244 co
396 1183 562 1257 novissent,
582 1184 710 1264 suspicati
725 1183 814 1245 essent
830 1185 953 1265 aliquam
970 1205 1021 1245 ex-

335 1205 493 1325 celientem
519 1263 575 1324 esse
599 1263 838 1344 praestantemque
861 1269 1020 1337 naturam',

335 1363 402 1423 quae
422 1344 484 1402 haec
501 1341 610 1403 fecisset
622 1388 632 1416 ,
646 1362 782 1403 moveret
793 1387 805 1417 ,
816 1361 929 1425 regeret
939 1388 949 1415 ,
958 1364 1021 1427 ygu-

338 1423 498 1485 bernaret:
518 1425 587 1503 qui,
608 1425 698 1482 etiam
716 1424 742 1481 si
759 1423 890 1483 aberrant
910 1445 927 1482 a
945 1432 1021 1483 con-'-

336 1499 446 1583 jesiura
457 1503 570 1574 ,video
590 1518 688 1564 tamen
705 1503 774 1582 quid
789 1502 951 1584 sequamur.
971 1502 1022 1564 Tu⁴

338 1583 419 1664 quod
436 1604 510 1664 opus
528 1583 646 1643 tandem
664 1603 801 1664 magnum
822 1585 854 1643 &
872 1584 1023 1666 egregium

336 1662 425 1724 habes
445 1708 455 1736 ‚
472 1665 553 1743 quod
578 1661 711 1723 effesium
735 1663 831 1723 divini
854 1681 951 1727 meme
974 1665 1019 1723 vi·

338 1742 459 1816 demur,
480 1764 593 1823 ecquo
612 1741 668 1803 esse
686 1743 758 1802 deos
776 1741 935 1824 suspicere?
956 1741 1020 1814 Ha·

337 1823 469 1894 bebam,
487 1825 580 1904 inquis
598 1865 609 1894 ,
631 1826 660 1880 in
678 1824 775 1881 auimo
795 1825 909 1881 insitam
926 1823 1021 1882 infou‘·

337 1904 498 1962 mationem
520 1900 675 1980 quamdam
693 1901 760 1969 dei:
776 1899 814 1958 Et
827 1903 941 1960 barbati
954 1905 1020 1984 qui-

338 1982 408 2041 dem
428 1979 532 2053 Iovis,
548 1981 667 2062 galeatae
682 1979 842 2039 Minervae:
857 2002 925 2042 num
936 1984 1022 2063 igitur

339 2060 397 2122 effe
415 2062 487 2126 tales
505 2059 612 2139 putas?

383 2158 449 2199 101.
471 2139 594 2219 Quantb
612 2141 713 2199 melius
730 2138 792 2200 hac
811 2141 912 2225 vuigu's
927 2143 1021 2222 impe·

337 2220 484 2282 cicorum?
501 2222 550 2304 qui
568 2241 628 2278 non
645 2220 777 2280 membra
791 2219 882 2282 solum
897 2221 1026 2283 hominis

340 2300 398 2362 deo
419 2301 570 2373 tribuunt,
591 2299 640 2360 sed
660 2298 741 2359 usum
760 2303 846 2361 etiam
869 2300 1020 2362 membro'-

339 2401 425 2454 rum,
445 2381 513 2441 dant
534 2382 611 2440 enim
629 2400 726 2440 arcum
738 2424 747 2453 ‚
759 2379 869 2462 sag'itta's
880 2427 889 2456 ,
900 2382 1024 2456 hastam,

340 2462 500 2546 clypeum,
518 2459 674 2534 fuscinam,
691 2460 800 2520 fulmen
813 2481 824 2534 3
841 2461 893 2534 δι,
909 2464 932 2520 si
944 2484 1023 2536 ‚ac-

340 2543 436 2602 ciones
459 2561 525 2621 quae
549 2542 607 2598 sint
632 2540 781 2612 deorum',
803 2561 866 2600 non
889 2543 990 2609 vident
1012 2587 1026 2616 ,

340 2621 410 2686 nihil
436 2637 571 2706 agentem
593 2637 692 2684 tamen
716 2619 804 2678 deum
827 2637 889 2680 non
913 2641 1023 2703 queunt

342 2699 480 2781 eogitar'e.
501 2698 515 2758 l
537 2700 582 2773 si,
602 2701 650 2780 qui
669 2699 841 2774 irridemur,
861 2700 993 2785 AEgyptii
1010 2746 1026 2775 ,

343 2780 450 2839 nuliam
469 2721 617 2852 besuam,
636 2780 690 2839 nisi
708 2781 750 2839 ob
771 2781 900 2862 aliquam
915 2782 1021 2844 utilita-

343 2875 427 2931 tem,
466 2881 533 2920 uam
549 2878 585 2920 ex
602 2881 637 2920 ea
659 2860 815 2940 caperent,
831 2859 1023 2921 consecrave-

343 2955 420 2998 runt.
471 2938 530 3000 elut
547 2941 631 3014 ibes,
647 2961 710 3022 quae
721 2944 874 3002 maximam
890 2940 952 3000 uim
962 2937 1022 3000 set-
