2709 4017
318 497 377 562 sto
424 482 903 562 Acaunnrconurr

319 640 323 647 ·
366 622 413 663 ιι.
433 603 535 685 Quum
562 608 602 666 ita
632 604 702 667 effer
721 605 861 681 exosus,
888 606 925 667 ad
949 620 1011 669 aub‘

323 683 462 744 diendum
477 687 589 745 animos
606 690 759 748 ereximus.
769 685 810 745 At
820 687 868 747 ille
878 732 888 760 ‚
899 687 1008 767 Quum

322 762 508 824 Alexandriae
527 764 669 848 quaestot,
693 769 806 848 inquit,
826 766 934 843 ellem,
951 767 1005 828 fuit

323 841 487 904 Antiochus
510 866 656 920 mecum3
690 848 724 906 δι
753 864 814 907 erat
836 845 896 926 jam
919 868 1007 908 antea

318 921 508 985 :Alexandriae
522 926 665 987 familiaris
682 926 823 988 Antiochi
841 929 1010 988 Heraclitus

323 998 453 1084 Tyrius,
509 1007 568 1067 i&
586 1005 802 1068 Clitomachum
825 1009 932 1068 multos
950 1028 1006 1067 an-

319 1103 380 1143 ·nos
407 1085 439 1145 dt
491 1087 622 1150 hilonetn
646 1088 801 1162 audierat,
824 1088 914 1149 homo
938 1087 1007 1149 sane

317 1163 355 1223 in
375 1161 425 1224 illa
443 1165 644 1252 philosophia,
668 1189 732 1249 quae
749 1189 836 1234 nunc,
847 1169 938 1249 prope
960 1169 1006 1228 di·-

317 1243 404 1305 aniss'a
417 1266 591 1324 revocatur,
628 1251 746 1310 robatur
759 1251 791 1309 δι
804 1250 922 1308 nobilis:
937 1269 1010 1310 cunt⁴

319 1345 385 1408 quo
403 1324 583 1390 Antiochum
602 1269 676 1411 depe
697 1329 888 1410 disputantem
906 1330 1005 1389 audie·

319 1405 418 1479 bam3
444 1409 494 1470 sed
513 1429 667 1490 utrumque
687 1411 801 1471 leuiter.
825 1408 862 1469 Et
884 1410 1005 1490 quidem

323 1485 368 1546 isti
393 1488 456 1548 libri
482 1487 724 1564 duo-Philonis,
753 1489 791 1549 de
818 1490 919 1570 quibus
944 1490 1009 1550 heti

321 1565 434 1626 ditium
463 1589 480 1626 a
510 1567 617 1631 Catulo
644 1566 685 1628 est
699 1611 712 1642 ‚,
735 1584 797 1627 tum
824 1585 905 1627 erant
930 1571 1009 1630 allati

320 1643 557 1722 Alexandriam,
575 1664 694 1728 tumque
710 1649 834 1726 ptimhm
850 1647 879 1706 in
896 1647 1007 1710 Antio·

323 1724 374 1786 ehi
396 1747 497 1786 manus
522 1745 691 1789 venerant:
722 1727 753 1786 δι
783 1727 874 1787 homo
904 1729 1012 1791 naturai

319 1805 512 1889 lenissimus(
528 1809 597 1868 nihil
607 1811 684 1869 enirn
693 1824 807 1887 poterat
815 1805 880 1867 deri
888 1809 937 1866 illo
948 1814 1010 1870 mi·

324 1888 382 1947 tius
397 1885 414 1970 )
432 1886 604 1949 stomachari
620 1908 719 1949 tamen
739 1890 837 1968 coepit.
858 1887 985 1950 Mirabar
995 1912 1010 1964 5

319 1968 1008 2132 lilffhdhrhhhhi‘hi{diffluit

325 2148 392 2190 rere
415 2150 451 2188 ex
472 2149 535 2202 eo,
554 2129 760 2189 viderenturne
783 2130 831 2188 illa
850 2128 975 2190 Philonis
990 2130 1012 2190 i

320 2226 378 2269 aut
398 2228 433 2268 ea
453 2226 523 2266 nunt
540 2209 626 2268 vele
648 2209 793 2285 Philone,
817 2211 865 2271 vel
890 2230 926 2270 ex
943 2211 1006 2271 ullo

325 2288 507 2349 Academico
530 2287 677 2349 audivillet
698 2290 879 2368 aliquando?
904 2289 1006 2369 Nega-

320 2369 394 2429 bat:
409 2367 538 2427 Philonis
551 2387 650 2429 tamen
662 2369 801 2450 scriptum
814 2369 1012 2452 agnoscebat}

325 2466 382 2512 nec
395 2449 426 2507 id
439 2449 556 2529 quidem
574 2449 696 2511 dubitari
709 2467 841 2530 poterat:
858 2471 924 2509 narn
940 2451 1006 2510 ade·

326 2545 392 2590 tant
416 2532 476 2590 mei
496 2529 670 2602 familiares,
691 2529 768 2590 dotti
790 2530 945 2598 homines,
972 2528 1008 2590 Ρ.

326 2609 361 2670 dt
386 2607 424 2670 C.
446 2609 541 2681 Selii,
559 2607 747 2671 &Tetrilius
765 2608 888 2689 Rugus;
908 2609 956 2688 qui
975 2608 1006 2670 fe

325 2690 377 2750 illa
396 2689 501 2751 audille
519 2690 623 2751 Romae
643 2690 683 2751 de
697 2687 846 2760 Philone,
862 2689 894 2745 dt
913 2685 949 2747 ab
967 2708 1011 2750 eo

325 2770 390 2853 ipso
407 2772 472 2830 illos
487 2772 560 2833 duos
575 2772 663 2830 libros
679 2769 807 2828 dicerent
822 2766 1011 2846 descripsisse.

374 2851 519 2912 12.Tum
535 2850 630 2912 &illa
648 2848 718 2906 dixit
736 2846 897 2906 Antiochus
906 2876 922 2920 ·,
941 2869 1012 2929 quae

323 2929 389 2991 heri
409 2928 528 2992 Catulus
546 2929 787 2991 commemoravit
814 2946 831 2984 a
852 2942 932 3006 patre
954 2928 1010 2989 suo

331 3010 404 3074 dida
416 3011 550 3085 Philoni,
561 3009 594 3071 &
607 3009 663 3070 alia
674 3007 756 3092 plura
763 3028 776 3086 3
789 3026 844 3071 nec
855 3007 884 3072 st
896 3011 987 3071 tenuit
994 3052 1012 3084 ,
