2709 4017
401 520 481 604 '404
526 511 598 577 Dr
629 521 957 592 nrrmmonr,

395 641 494 693 num,
516 642 580 703 quae
599 638 709 682 vocant
729 621 827 681 omina
846 639 856 680 ε
878 643 946 706 quae
963 620 1091 703 majores

396 701 512 774 nostri,
527 704 594 783 quia
605 703 704 763 valere
717 699 891 777 censebant,
901 703 1016 763 idcirco
1028 723 1091 764 om·

401 783 486 842 nibus
507 785 594 842 rebus
614 783 753 866 agendis,
772 783 859 862 Quod
876 785 977 843 bonum
986 827 999 856 ,
1010 781 1092 867 fimf·

392 882 459 924 >rum
479 904 490 934 ,
515 861 618 943 felix,
641 861 865 942 firrtunatumque
885 861 970 942 effer,
991 863 1093 944 praefa·

391 943 508 1003 ·bantur
527 965 544 1015 31
564 941 703 1023 rebusque
724 942 862 1015 divinia,
888 965 953 1025 quae
979 943 1092 1024 publice

402 1021 526 1092 fierent,
545 1039 575 1080 ut
585 1021 714 1102 fhverent
730 1024 852 1104 linguis,
870 1022 1090 1103 imperabatur;

307 1121 310 1127 ’
400 1103 493 1183 inque
508 1100 585 1162 feriis
600 1103 800 1183 imperandis,
820 1121 851 1162 ut
869 1104 965 1164 litibus
986 1107 1016 1165 e
1028 1102 1093 1184 jur·

389 1185 459 1264 «giis
486 1181 513 1256 se
543 1185 709 1262 abstinerent.
741 1182 874 1262 Itemque
902 1185 932 1243 in
952 1183 1093 1244 lustranda

399 1263 544 1335 ¹colonia,
558 1263 594 1322 ab
613 1285 673 1335 eo,
703 1265 752 1345 qui
769 1283 835 1323 eam
853 1263 1016 1326 deduceret
1027 1283 1047 1337 3.
1063 1265 1092 1324 &

393 1365 496 1425 quum
509 1346 667 1424 imperator
680 1345 857 1416 exercitum,
878 1343 982 1404 censor
1002 1366 1043 1425 po
1065 1364 1094 1404 u·

396 1425 471 1484 -lum
487 1420 637 1497 lustraret,
655 1426 739 1484 bonis
750 1423 916 1484 nominibus
925 1426 976 1506 qui
990 1425 1032 1485 ho
1057 1427 1094 1484 ias

409 1503 568 1577 ducerent,
586 1506 783 1585 eligebantur:
803 1504 883 1584 quod
900 1505 982 1566 idem
1003 1508 1034 1566 in
1048 1505 1095 1566 de·

409 1583 484 1644 letru
499 1583 629 1642 consules
646 1583 821 1657 observant,
838 1602 870 1643 ut
906 1587 996 1645 rimus
1015 1587 1095 1646 miles

400 1660 458 1726 ‚liat
475 1660 557 1720 bono
576 1665 706 1723 nomine.
728 1662 807 1742 Quae
826 1606 944 1803 quidem
962 1682 1028 1727 ate
1046 1665 1095 1726 scit

399 1742 443 1805 ,δι
459 1739 574 1802 consule
592 1744 815 1823 &imperatore
837 1746 936 1804 ummal
956 1747 1095 1828 religione

400 1820 467 1890 ,elle
490 1821 857 1906 servatasl'raerogativam
889 1828 978 1886 etiam
1003 1825 1095 1905 majo·

398 1923 457 1969 ‚res
471 1923 560 1963 omen
583 1902 723 1983 justorum
743 1905 929 1966 comitiorum
957 1904 1017 1969 effe
1039 1927 1096 1970 ro-

392 1982 536 2047 luerunt.
784 2048 786 2053 ‚

452 2062 565 2125 XLVI.
587 2064 687 2148 Atque
713 2087 770 2127 eo
797 2067 931 2147 exempla
967 2067 1098 2128 ominum

401 2163 484 2210 ,nota
503 2144 661 2226 proferam.
686 2147 719 2207 L.
763 2149 840 2206 aulus
854 2147 954 2207 consul
971 2151 1100 2221 iterum,

413 2247 501 2306 quum
515 2228 562 2297 ei,
581 2228 690 2286 bellum
705 2244 737 2286 ut
755 2248 819 2286 cum
833 2248 864 2288 re
885 2247 902 2288 e
915 2227 1002 2290 Perse
1015 2240 1099 2311 gere·

412 2322 477 2375 ret,
496 2304 659 2386 obtigillet3
678 2325 710 2366 ut
722 2308 764 2367 eit
781 2308 843 2387 ipsi
859 2249 906 2367 die
924 2309 1047 2369 domum
1065 2308 1100 2368 ad

412 2383 564 2464 vesperam
584 2387 689 2460 rediit,
708 2386 826 2448 filiolam
846 2387 925 2447 suam
947 2387 1100 2464 Tertiam,

414 2486 477 2545 quae
497 2483 559 2525 tum
577 2486 637 2527 erat
657 2467 816 2528 admodum
836 2489 950 2547 parva,
972 2468 1101 2529 osculans

403 2547 617 2610 ⁴animadvertit
636 2549 811 2609 tristiculam.
829 2547 913 2626 Quid
932 2547 972 2608 est
985 2552 1099 2630 inquit,

319 2627 321 2630 ’
414 2647 481 2685 mea
500 2625 629 2688 Tertia?
657 2630 726 2710 quid
742 2627 822 2689 tristis
844 2649 875 2687 es
892 2628 904 2686 ἓ
926 2628 972 2687 Mi
994 2649 1101 2710 pater,

401 2707 526 2788 inquit,
545 2706 627 2768 Persa
645 2712 740 2790 periit.
760 2707 839 2768 Tum
849 2709 897 2769 ille
906 2708 1009 2769 arctius
1023 2711 1104 2790 puel-

415 2787 474 2847 lam
490 2787 680 2866 complexus,
697 2790 842 2869 Accipio,
860 2790 973 2869 inquit,
991 2811 1059 2851 mea
1071 2787 1104 2850 fi·

414 2867 452 2926 lia
470 2911 479 2937 ,
498 2887 597 2926 omen.
617 2867 685 2929 Erat
707 2889 805 2931 autem
827 2887 961 2931 mortuus
983 2871 1103 2933 catellus

417 2967 455 3009 eo
479 2948 608 3007 nomine.

401 3072 419 3094 ,,
461 3044 526 3102 104.
545 3026 912 3103 LFlaccum,flaminem
922 3029 1104 3106 Martialem,
