2709 4017
401 490 476 556 544¹
611 472 854 539 Noram
917 498 920 503 ·

435 572 495 623 ibid.
508 583 551 636 29.
562 572 661 622 Louna
671 574 727 622 duo.
739 570 804 632 Quid
818 567 866 619 laic.
874 567 969 620 faciant
981 569 1087 632 luminati

395 645 426 705 ,ἃ
438 662 507 709 quam
517 645 609 694 causam
619 645 714 709 possint
727 644 853 692 continere
867 673 875 699 ,
897 656 973 709 negat
988 645 1011 693 se
1026 644 1085 694 affe·

396 719 437 784 qui
447 717 572 774 Davisius,
583 719 609 767 dt
620 718 748 782 suspicatur
760 714 909 765 Ciceronem
921 715 1038 780 scripsisse
1049 716 1085 765 ei·

397 789 460 836 mina
470 804 510 836 aut
521 789 617 837 vincula
629 805 636 839 ε
656 790 681 839 ὃ(
694 788 787 852 quidem
798 787 880 852 regius
893 786 976 838 codex
989 789 1014 838 dc
1025 803 1084 838 unus

396 877 411 911 e
422 861 563 910 Davisianis
573 863 662 910 habent
671 861 762 908 limine.
774 892 778 901 .

432 948 485 995 77,
499 948 543 994 25.
555 933 584 982 Si
594 933 725 998 quidquam.
738 932 775 979 lta
788 929 885 981 Davisii
896 929 1003 984 codices
1015 932 1040 983 dt
1049 947 1082 981 te·

397 1003 470 1072 gius,
483 1022 527 1070 pro
540 1007 638 1069 vulgato
649 1004 670 1052 si
679 1004 762 1069 ipsum.
1022 1056 1027 1063 ,

397 1114 400 1121 .
416 1124 422 1141 ‚
433 1090 485 1139 79,
499 1090 541 1138 23·
554 1076 604 1124 Sed
614 1074 653 1140 qui
662 1075 740 1125 minor
748 1074 790 1136 est.
805 1075 842 1124 ita
853 1075 973 1131 Davisius
984 1092 1016 1127 ex
1027 1075 1081 1126 duo·

397 1149 444 1199 bus
454 1147 504 1197 mis.
515 1146 598 1214 Vulgi)
607 1143 651 1212 sed
660 1148 735 1197 nidiid
745 1148 823 1196 utiuor
833 1148 874 1208 est.

432 1219 487 1276 80,
520 1235 563 1270 22.
584 1219 662 1285 Atque
683 1221 761 1268 etiam.
780 1220 817 1269 lta
834 1219 916 1270 codex
930 1220 1013 1287 regius
1029 1235 1080 1271 curn

394 1290 550 1349 Davisianis.
568 1293 635 1350 Alii,
651 1293 754 1358 idqtqque
767 1291 848 1351 etiqnt.

435 1364 491 1422 81,
519 1365 563 1415 28.
588 1363 661 1414 Velut
680 1362 823 1413 illudantd.
844 1362 928 1414 Locus
949 1363 1083 1414 mendosus.

397 1435 513 1488 Davisius
532 1436 652 1502 conjicit,
671 1436 750 1485 vertitu
767 1435 830 1483 illud
847 1436 914 1486 anti.

435 1509 496 1568 82,
517 1524 557 1570 14.
576 1509 700 1574 Postquam
718 1508 877 1557 Archimedes.
901 1505 987 1574 Vulgi
1007 1502 1082 1574 prius·

397 1597 472 1646 quam.
493 1582 635 1630 Emendavit
654 1580 681 1629 Ρ.
702 1581 779 1631 Faber
798 1596 830 1628 ex
843 1578 1004 1645 conjectura,
1016 1595 1078 1646 quan

387 1652 477 1701 'sensus
495 1652 607 1717 postulat.

434 1723 495 1774 ibid.
517 1724 561 1774 28.
587 1723 664 1862 βω
680 1724 828 1792 potissimtina
841 1719 986 1790 J‘ententiam
1006 1722 1082 1774 taediis

338 1847 342 1854 ,
397 1794 490 1862 eliget,
510 1812 551 1846 aue
566 1797 740 1863 diciplinam?
761 1798 798 1846 lta
814 1797 871 1846 libri
886 1811 986 1847 veteres
1001 1830 1011 1856 ‚
1026 1809 1082 1862 quos

271 3240 338 3530 b

403 1871 510 1918 excussit
522 1869 650 1919 Lambinus
662 1903 670 1928 ‚
682 1871 707 1918 in
719 1869 805 1934 quibus
821 1881 905 1919 tamen
919 1870 1026 1919 abundat
1039 1881 1083 1918 vox

397 1939 491 2003 meluis.¹
509 1943 557 1991 Alii
573 1943 644 1991 aliter
662 1944 756 2008 legunt·
812 1961 815 1965 ’

436 2012 451 2061 8
455 2025 467 2074 3
477 2044 484 2068 ,
496 2012 521 2061 8.
536 2012 674 2078 Concessiffe
683 2014 780 2078 prunas.
791 2013 827 2061 lta
839 2012 967 2062 Manutius
982 2013 1007 2063 ἃ
1018 2012 1082 2074 Lant-

398 2083 490 2143 binus,
509 2102 540 2134 ex
559 2086 727 2134 emendatione
741 2085 765 2136 J.
784 2085 885 2144 Scalae,
906 2102 975 2150 quain
995 2083 1084 2134 firmant

400 2155 507 2223 Gryphii
525 2159 603 2208 codex
622 2159 647 2208 δι
660 2159 751 2225 regius.
773 2157 858 2223 Vutgu
879 2154 1022 2224 consensisse
1035 2157 1082 2223 pri·

398 2246 456 2277 mos.

435 2301 495 2349 ibid.
516 2316 560 2350 22.
574 2301 609 2349 Ee
619 2302 645 2349 id
654 2300 698 2365 effe
709 2302 791 2356 deum.
806 2318 879 2366 neque
890 2317 970 2350 naenia
981 2316 1080 2365 umquam

399 2370 445 2419 ec.
460 2369 507 2419 Hic
517 2372 684 2429 najeuionem
695 2374 823 2422 verborum
833 2373 944 2439 agnoscit
953 2373 1060 2422 Davisius
1070 2365 1086 2427 ,¹

397 2444 507 2509 legitque
519 2477 526 2498 ,
541 2443 563 2491 e
574 2443 599 2491 id
610 2443 653 2509 effe
664 2445 746 2492 deum.
760 2478 766 2492 .
778 2478 786 2492 .
801 2445 823 2492 θ
830 2441 1014 2511 sempiternum,
1026 2461 1081 2492 con·

395 2516 580 2583 globatdfigurd
586 2551 594 2575 ,
602 2534 674 2582 neque
686 2531 764 2566 uatum
771 2534 874 2582 umquam
883 2518 1014 2583 quidquam.
1024 2515 1082 2565 Haec

399 2587 516 2652 postrema
526 2589 606 2638 servat
615 2590 706 2655 regius.

436 2659 467 2718 85
480 2692 487 2716 ,
506 2674 547 2718 14.
561 2660 607 2707 Cur
616 2659 740 2726 mortifera
750 2675 798 2708 eam
810 2659 884 2708 mutu
893 2657 1037 2727 peruiciosa.
1050 2660 1082 2709 A·

398 2731 488 2780 bundat
502 2747 550 2780 vox
563 2733 657 2780 ultima.
673 2734 720 2785 Sed
732 2749 803 2798 quum
819 2732 957 2783 Ladantius
969 2735 1030 2782 hunc
1047 2735 1083 2781 lo·

399 2820 453 2852 cum
465 2803 498 2852 sic
510 2804 590 2852 laudet
601 2836 608 2860 ,
623 2820 664 2851 cur
675 2820 723 2853 tam
732 2804 805 2853 multa
811 2804 926 2870 pestifera
937 2807 1000 2855 terni
1009 2806 1081 2854 mari-

398 2892 441 2941 que
457 2871 607 2939 dispositis,
628 2892 703 2925 voces
719 2874 840 2940 mortifera
859 2876 885 2925 &
901 2874 1036 2944 peruiciosa
1052 2878 1081 2928 vi·

400 2948 486 2996 dentur
503 2946 603 2994 Davisio
621 2948 689 2996 vocis
701 2946 813 3014 pestifera
829 2948 1056 3014 interpretationes.

401 3040 404 3046 ·
435 3017 498 3071 thid.
511 3018 555 3072 28.
566 3018 650 3088 Neque
666 3019 715 3074 siue
731 3023 774 3074 deo
784 3019 850 3089 poffe
866 3021 1001 3092 quidquam.
1018 3022 1083 3076 Adde
