2709 4017
434 542 591 614 Lrssrt
624 557 901 614 srcuunus.
941 539 1019 635 485

335 674 392 737 pro
415 654 532 717 somniis
557 656 691 730 habent,
716 657 877 740 siquando
902 657 1022 738 aliquod

334 735 480 798 somnium
500 756 602 796 verum
621 737 762 812 evaserit,
781 760 841 798 non
856 737 885 796 id
904 735 1022 797 fortuiti>

335 815 478 877 accidille.
496 815 556 877 Sed
575 817 676 877 demus
695 819 746 877 ribi
763 816 827 878 istas
846 817 916 877 duas
926 817 1023 898 sump-

335 894 454 969 tiones,
471 917 506 956 ea
522 917 585 976 quae
600 897 730 974 ripuaria
749 897 895 979 appellant
915 897 1024 959 dialec-

336 977 408 1049 tici;
425 976 474 1036 sed
487 997 541 1036 nos
557 977 656 1036 Latine
672 977 752 1058 loqui
771 979 927 1038 malumus:
948 993 1025 1058 prze-

336 1055 464 1137 sumptio
476 1073 594 1127 tam'en,
613 1075 701 1136 quam
716 1055 846 1134 xpina-lo
861 1057 949 1117 iidem
964 1077 1026 1121 vo·

337 1153 426 1207 eant,
440 1158 501 1195 non
520 1137 644 1195 dabitur.

383 1234 450 1294 109.
469 1215 592 1275 Allumit
602 1231 698 1274 autem
715 1213 871 1296 Cratippus
883 1217 942 1276 hoc
957 1236 1026 1278 nro·

339 1293 381 1356 do
394 1317 401 1355 τ
424 1301 497 1357 Sunt
512 1315 601 1355 aurem
614 1297 824 1355 innumerabiles
835 1297 1027 1376 praeseusiones

339 1386 395 1437 ison
406 1373 538 1455 fhrroirae.
560 1375 602 1435 At
624 1394 681 1456 ego
703 1374 769 1434 dico
788 1375 906 1436 nullam.
926 1375 1027 1451 Vide,

339 1473 446 1538 quanta
463 1459 499 1515 sit
515 1457 724 1515 controversia.
750 1453 815 1514 Iam
834 1452 1026 1537 assumptione

341 1557 403 1599 non
423 1536 578 1608 concessit,
592 1535 669 1594 nulla
687 1536 834 1595 conclusio
849 1535 901 1596 est·
919 1536 961 1596 At
973 1538 1029 1595 im·

331 1616 487 1698 pudentes
507 1614 621 1689 sumus,
637 1618 708 1696 qui,
726 1637 815 1696 quum
833 1633 893 1676 ram
911 1615 1029 1697 perspi-

341 1717 428 1756 cuum
443 1699 500 1767 sit,
514 1716 574 1754 non
590 1695 796 1755 concedamus.
811 1694 893 1774 Quid
907 1694 948 1756 est
958 1716 1030 1776 per·

341 1775 359 1837 s
375 1774 492 1836 icunm?
517 1775 611 1834 Multa
637 1794 731 1846 vera,
754 1777 844 1853 inquit
861 1819 871 1846 ,
889 1777 1029 1837 evadere.

343 1797 456 1934 guid,
479 1855 560 1937 qubd
581 1853 673 1914 multo
697 1855 778 1933 plura
803 1852 870 1912 falsa
890 1853 905 1913 i
929 1875 1029 1916 nonne

342 1934 403 2078 {psa
423 1936 573 2006 varietas,
594 1955 657 2015 quae
684 1931 725 1992 est
745 1935 861 2014 propria
885 1933 1029 2008 fortunae,

358 2033 492 2076 ortonam
513 2012 569 2076 effe
589 2013 727 2084 causam,
744 2035 804 2073 nou
823 2031 953 2075 naturam
974 2015 1033 2076 do·

344 2095 414 2157 cet?
434 2095 574 2166 Deinde,
589 2096 612 2153 si
630 2112 677 2153 tua
699 2092 748 2153 ilia
768 2095 934 2168 conclusio,
953 2093 1032 2156 Cra-I-

335 2178 428 2257 .tippe
439 2221 450 2250 ,
462 2196 532 2235 vera
543 2173 583 2236 est
599 2173 719 2255 (tecum
734 2178 811 2234 enim
823 2175 953 2236 mihires
964 2175 1030 2265 est)
1125 2248 1129 2254 .

345 2275 445 2318 nonne
459 2255 592 2337 intelligis
603 2255 707 2315 eidem
722 2258 764 2316 uti
774 2253 854 2335 polle
869 2257 902 2318 ὃ(
922 2256 1033 2340 aruspi-

346 2355 415 2409 ces,
430 2337 461 2395 dt
476 2335 688 2418 fulguratores,
704 2337 736 2396 δι
750 2338 922 2417 interpretes
936 2338 1033 2399 osten·

346 2432 471 2488 torum,
500 2415 533 2475 δι
560 2436 706 2495 augures,
736 2417 769 2474 ὃ(
800 2417 972 2496 sortilegos,
1000 2417 1033 2478 δι

348 2493 529 2556 Chaldaeos?
548 2516 670 2575 quotum
688 2515 827 2576 generum
842 2498 952 2556 nullum
971 2495 1031 2572 est,

340 2595 542 2716 {illidii
560 2575 1033 2717 llllul‘llPlffl‘llll?

348 2736 467 2806 vinandi
484 2675 564 2807 suntg,
575 2756 638 2815 quae
654 2752 684 2794 tu
700 2675 853 2796 reilisiime
863 2678 1033 2815 improbam

349 2831 418 2889 aut,
440 2818 463 2874 si
481 2835 515 2875 ea
533 2836 594 2874 non
610 2815 697 2888 sunt,
719 2838 778 2875 non
800 2817 960 2897 intelligo,
983 2835 1033 2877 cur

350 2895 413 2957 haec
431 2895 490 2955 duo
514 2897 594 2965 sint,
613 2917 676 2975 quae
701 2897 847 2975 relinquis.
871 2895 941 2973 Qui
961 2913 1032 2977 ergo

349 2976 463 3036 rarione
483 2974 543 3034 haec
562 2975 698 3051 inducis,
718 2975 822 3039 eidem
842 2974 891 3034 illa
916 2972 1033 3056 poliunt

350 3052 433 3130 esse,
454 3075 518 3136 quae
530 3054 625 3119 tollis.
832 3108 862 3194 X.
881 3092 909 3150 ”g

881 3153 911 3216 ²¹}
