2709 4017
378 445 459 520 '206
494 444 560 514 Du
582 457 756 513 mm
779 458 986 531 munuum,

377 580 473 622 rerum
484 577 602 632 natura,
620 556 700 638 quod
718 555 842 615 hominis
857 577 962 630 mens,
981 557 1068 638 quod

377 642 469 712 ratio,
486 639 566 719 quod
585 640 658 711 vis,
685 636 764 718 quod
785 635 910 716 potestus
936 637 1068 698 humant

378 717 494 778 officere
506 740 567 779 uon
580 721 670 799 possit
684 738 693 790 ;
714 716 754 776 est
767 717 844 776 certl
861 718 891 776 id
905 761 915 790 ,
936 718 1018 797 quod
1030 718 1068 777 il·

376 797 427 857 lud
444 796 548 871 efficit,
568 800 693 858 homine.
706 796 823 856 melius:
845 799 922 878 atqui
937 817 983 856 res
999 819 1068 857 coe-

376 875 480 948 leiim,
501 879 660 960 omnesque
684 899 754 949 eae,
785 897 905 958 quarum
930 876 971 937 est
988 878 1069 939 ordo

377 955 589 1037 sempiternus,
610 961 647 1017 ab
663 959 782 1017 homine
796 955 898 1016 confici
915 979 976 1016 non
994 957 1068 1038 pos·

376 1035 459 1096 sunt:
480 1037 521 1098 est
538 1041 620 1120 igitur
642 1037 693 1110 id,
712 1058 771 1117 quo
789 1036 838 1096 illa
855 1035 1068 1113 conficiuntur,

376 1116 497 1178 homine
513 1121 634 1180 melius:
657 1117 801 1178 idumem
813 1117 886 1197 quid
901 1119 1000 1198 potius
1019 1119 1068 1178 di-

378 1200 479 1271 xeris,
501 1199 586 1280 quium
609 1198 726 1259 deum?
754 1197 869 1257 Etenim
894 1200 916 1257 si
941 1198 980 1257 dii
1003 1219 1067 1259 uon

374 1275 457 1350 ssim,
478 1280 547 1356 quid
560 1277 617 1342 elle
635 1277 731 1360 potest
745 1279 773 1336 iu
783 1298 880 1337 rerum
890 1276 1067 1338 natura'ho·

376 1359 456 1419 mine
475 1361 599 1420 melius?
618 1362 646 1418 in
669 1379 707 1419 eo
729 1361 807 1418 enim
828 1357 891 1418 solo
909 1361 982 1417 ratio
1000 1356 1068 1430 est,

375 1438 434 1518 qui
449 1441 519 1500 nihil
538 1439 634 1518 potest
651 1437 707 1500 effe
720 1437 912 1517 praestantius:
936 1435 994 1498 effe
1008 1459 1067 1499 au·-

376 1534 437 1577 tem
459 1520 631 1588 hominem,
654 1523 703 1597 qui
720 1519 790 1579 nihil
807 1521 837 1577 in
855 1520 934 1578 omni
952 1520 1068 1581 munde

377 1597 479 1655 melius
493 1595 550 1656 effe
567 1597 654 1677 quim
668 1596 698 1657 se
715 1616 818 1675 putet,
835 1598 1000 1678 desipientis
1017 1621 1066 1659 au-

375 1677 515 1755 rogantiae
531 1675 594 1735 est:
610 1697 681 1758 ergo
698 1678 738 1736 est
756 1678 864 1758 aliquid
882 1679 1002 1739 melius:
1022 1677 1069 1741 est

376 1757 463 1837 igitur
479 1755 610 1836 proseliti
625 1757 708 1818 deus.
855 1815 857 1820 .

421 1854 466 1910 17.
488 1836 537 1896 An
555 1838 647 1909 veri),
665 1839 689 1896 si
702 1835 822 1896 domum
843 1858 891 1898 ma
911 1858 978 1896 nam
998 1838 1067 1919 pul·

377 1915 533 1997 chramque
545 1918 652 1977 videtis
665 1963 674 1989 ‚
688 1938 749 1977 non
764 1919 857 1996 possis
870 1858 993 1991 aidum,
1013 1935 1067 1994 ut,

376 1996 463 2056 etiam
488 2001 519 2056 si·
532 1998 684 2058 dominum
705 2019 766 2057 uon
789 1998 887 2057 videas
906 2041 915 2070 ‚
937 1999 1068 2060 muribus

376 2075 455 2134 illam
468 2077 499 2136 ὃ(
513 2077 637 2138 mustelis
651 2076 818 2137 aedificatam
832 2096 916 2154 putes
929 2098 937 2146 ;
951 2097 1068 2141 tantum

375 2156 448 2214 verb
465 2175 599 2217 ornatum
618 2156 741 2226 mundi,
758 2172 865 2212 tantam
887 2159 1066 2220 varietatem

374 2233 676 2316 pulchritudinemque
694 2253 788 2294 rerum
802 2231 976 2306 coelestium,
996 2255 1069 2300 tan-

373 2329 436 2372 tam
447 2316 508 2375 vim
524 2318 556 2376 &
571 2315 798 2396 magnitudinum
809 2315 895 2372 mam's
905 2331 991 2395 atque
1007 2337 1068 2380 ter·

373 2413 489 2468 tarum,
506 2398 529 2454 si
546 2412 625 2454 tuum
637 2439 646 2467 ,
660 2414 696 2452 ac
714 2414 774 2452 non
793 2393 915 2454 deorum
937 2399 1066 2460 immor-

373 2474 474 2533 talium
489 2476 668 2534 domicilium
681 2492 790 2553 putes,
806 2495 905 2536 nonne
917 2477 1003 2556 plani
1014 2480 1067 2541 de·

374 2555 470 2632 uipere
489 2554 606 2615 videare
618 2555 631 2615 ἓ.
647 2555 698 2614 An
707 2575 746 2616 ne
757 2554 814 2615 hoc
827 2556 944 2636 quidem
958 2560 1066 2620 intelll-

374 2635 488 2715 gimus,
507 2638 605 2695 omnia
627 2636 727 2716 supera
749 2634 806 2696 elle
831 2637 974 2697 meliora?
1001 2657 1064 2700 ter·

374 2735 441 2774 ram
456 2733 552 2774 autem
572 2715 628 2778 effe
647 2715 799 2789 infimam,
819 2737 904 2796 quam
924 2720 1065 2779 crassissi-

374 2815 439 2855 mus
462 2796 672 2857 circumfundat
689 2796 759 2857 a'e‘r?
780 2816 811 2857 ut
826 2798 866 2856 ob
885 2817 948 2857 eam
973 2799 1063 2877 ipsam

374 2874 511 2949 eausam,
535 2879 614 2959 quod
634 2881 721 2938 etiam
747 2875 914 2956 quibusdum
934 2882 1063 2960 regioni·

373 2953 427 3015 hus
453 2975 541 3039 atque
570 2961 689 3020 urbibus
713 2960 886 3039 contingere
903 2958 1037 3021 videmus
1050 3003 1064 3030 ,
