2709 4017
429 503 584 574 Lraan
617 503 846 574 Pnrrwas..
884 503 963 600 153

282 641 325 681 no
338 636 444 701 genere
461 618 649 694 concubitus',
666 618 970 700 mortalesqueerrim·

281 700 455 762 mortalibus
468 715 647 779 procreatos.
664 697 742 760 Cum
755 704 906 780 poetarum
920 719 970 758 au-

281 798 345 840 tem
362 798 459 840 errore
477 776 656 859 conjungere
665 780 733 840 licet
748 797 883 860 portenta
897 779 970 840 Ma·

306 881 390 920 orum
399 904 409 932 ‚
419 861 688 940 AEgyptiorumque
702 863 731 918 in
742 860 849 920 eodem
861 864 969 940 genere

283 881 463 1000 {emendam
478 960 488 1011 3
505 957 568 999 turn
586 942 673 999 etiam
690 941 771 1020 vulgi
793 942 975 1021 opiniones,

905 1028 907 1031 .
917 1023 922 1031 v

283 1040 349 1100 quae
359 1023 388 1078 in
399 1021 523 1079 maxima
530 1019 719 1080 inconstantia
726 1045 738 1095 ·‚
747 1023 876 1081 veritatis
888 1020 917 1102 ig

282 1100 418 1172 ratione,
433 1099 590 1161 versantur.

327 1198 378 1256 43.
399 1176 441 1237 Ea
458 1182 507 1259 qni
523 1179 688 1242 consideret
704 1180 791 1261 quim
809 1178 976 1240 inconsulte·

284 1278 322 1317 ac
341 1259 452 1318 temere
468 1259 618 1333 dicantur,
633 1261 769 1320 venerari
787 1259 941 1339 Epicurum
948 1282 972 1334 J,

286 1337 322 1397 δι
342 1339 372 1398 in
390 1356 492 1397 eorum
509 1339 635 1419 ipsorum
651 1359 774 1399 numero
786 1364 800 1412 ,-·
814 1339 851 1400 de
868 1340 971 1420 quibus

284 1417 351 1478 lraec
373 1415 491 1497 quaestio
515 1417 582 1492 est,
607 1419 715 1478 habere
736 1418 841 1479 debeat
856 1438 878 1477 z.
893 1417 971 1478 solus

286 1500 366 1558 enim
386 1498 485 1572 vidit,
505 1500 630 1577 ptimlrm
648 1496 705 1559 elle
727 1499 800 1560 deos
817 1543 827 1573 ‚
844 1497 923 1578 quod
942 1500 973 1559 in

287 1579 420 1638 omnium
438 1579 540 1637 animis
558 1599 660 1639 eorum
677 1583 832 1640 notionem
849 1581 974 1660 impres·

288 1654 364 1717 siffet
378 1657 437 1738 ipsa
455 1674 563 1718 natura.
580 1657 658 1736 Quae
672 1658 714 1719 est
728 1663 805 1721 enim
816 1679 905 1741 gen54
922 1674 972 1719 aut

289 1737 371 1817 quod
407 1757 477 1797 enus
494 1738 645 1797 hominum
662 1783 672 1810 ‚
691 1740 770 1819 quod
789 1760 849 1799 non
865 1739 973 1799 habear

290 1820 352 1876 sine
388 1759 517 1876 intirim
549 1821 786 1896 anticipationem
830 1818 975 1879 'namrlam

289 1895 435 1956 deorum?
448 1915 534 1975 quam
546 1897 672 1975 appellat
681 1839 974 1978 vginnssrrlpicurm,

289 1975 323 2034 id
343 1974 411 2047 est,
436 1991 619 2054 anteceptam
636 1978 741 2034 animo.
756 1976 799 2046 rei
818 1975 973 2054 quamdam

290 2052 548 2126 informationem,
560 2057 621 2113 sine
635 2075 692 2135 qua
702 2075 756 2114 nec
764 2056 885 2137 intelligi
895 2056 975 2136 quid·

289 2154 405 2274 ἓιιεεη,
428 2153 483 2192 nec
505 2136 613 2213 quaeri,
635 2155 690 2195 nec
703 2133 844 2218 ¹‘disputari
868 2134 975 2216 potest.

323 2211 387 2293 ujus
411 2214 528 2272 tationis
547 2216 635 2284 vim,
656 2233 744 2296 atque
765 2216 916 2275 utilitatem
935 2236 974 2278 ex

291 2295 344 2354 illo
361 2291 468 2353 coelesti
484 2291 620 2374 Epicuri,
633 2296 666 2353 de
682 2296 794 2378 regula,
807 2296 834 2356 G*
842 2293 953 2375 judicio
961 2341 975 2370 ,
1020 2290 1025 2300 ’

291 2373 443 2434 volumine
461 2376 635 2453 accepimus.
773 2427 776 2431 .

336 2449 454 2512 XVII.
478 2452 572 2531 Quod
590 2456 674 2534 igitur
690 2451 911 2519 fundamentum
922 2457 976 2517 hu.

292 2532 339 2613 jus
360 2531 520 2613 quaestionis
536 2533 576 2594 est
586 2577 596 2606 ,
608 2534 638 2592 id
657 2532 911 2614 preclarejaciur'n
927 2540 975 2598 vi-

294 2614 378 2673 detis.
399 2612 502 2690 Quum
519 2615 598 2673 eninr
614 2633 676 2672 non
699 2611 826 2675 instituto
843 2615 976 2698 aliquo,

294 2710 346 2752 aut
362 2712 466 2764 more,
485 2710 534 2751 aut
551 2692 616 2774 lege
628 2694 670 2750 sit
691 2695 976 2772 opiniononliitutm,

294 2789 469 2851 maneatque
487 2772 524 2831 ad
547 2792 635 2832 unum
652 2776 783 2833 onmium
800 2773 886 2834 lirma
904 2795 979 2833 con·

294 2851 389 2912 lensio
410 2872 419 2923 ;
440 2853 560 2933 intelligi
581 2850 702 2914 necelle'
717 2851 783 2927 ests,
804 2854 861 2914 elle
883 2854 979 2925 deor,

297 2934 435 3012 quoniam
448 2935 549 2992 insitas
567 2953 690 3006 eorum,
708 2934 875 3014 velpmins
893 2934 987 2990 inna-¹

298 3029 344 3073 ras
355 3012 538 3092 cognitiones
557 3011 782 3074 habemussDe
793 3033 861 3153 tguo
880 3028 986 3078 autem

836 3112 857 3154 V

918 1024 973 1082 no'·
