2709 4017
309 458 389 548 492
436 450 502 522 Dr
537 464 880 542 »mirmion-5

309 561 389 629 Nam
412 561 661 650 &navigantibus
673 570 788 628 moveri
801 569 941 631 videntur
951 591 1002 650 exj

351 671 375 708 ae
396 647 490 720 stant3
505 650 543 725 ¹&
564 648 692 730 quodam
712 648 817 710 obtutu
842 652 1002 717 oculorum

308 669 370 790 dito
384 751 439 809 pro
450 751 511 790 uno
523 731 645 791 lucennae
657 730 775 790 luminass
790 729 875 810 Quid
887 730 1000 810 ditant,

307 810 433 884 insanis,
451 812 520 893 quid
540 813 624 872 ebriis
644 809 732 890 quim
749 812 839 870 multa
859 812 927 874 falsa
947 817 999 875 vi·

306 890 454 956 deantur?
475 892 568 1030 (guod
586 893 610 949 si
626 889 770 968 ejusmodi
786 893 855 951 visis
869 895 997 956 creden-

306 971 378 1032 dum
392 995 452 1033 non
467 994 482 1032 e
511 994 581 1042 ‚cur
593 971 709 1031 somniis
723 971 876 1046 credatur,
889 974 995 1037 nescio:

308 1069 378 1114 tram
396 1071 454 1115 ram
471 1055 539 1112 licet
553 1053 590 1111 de
604 1052 647 1111 his
665 1055 831 1126 erroribus,
852 1055 878 1113 si
899 1056 993 1130 velis,

329 1134 393 1193 uim
421 1136 458 1194 de
484 1131 599 1193 somniis'
625 1131 792 1212 disputare:
818 1150 850 1192 ut
872 1154 907 1195 ea
930 1157 995 1218 qum

306 1154 398 1286 aaut,
420 1217 443 1274 si
455 1217 567 1274 moveri
583 1214 751 1286 videantur,
771 1231 857 1274 terrae
877 1236 994 1278 motum

305 1294 467 1377 significare
482 1296 579 1368 dicas,
598 1313 647 1356 aut
662 1296 845 1376 repentinam
864 1296 992 1377 aiiquam

305 1375 423 1458 fugam3
437 1382 555 1459 gemino
569 1394 665 1437 autem
680 1376 801 1435 lucerna
814 1377 927 1438 lumine
942 1378 992 1440 de·

304 1457 405 1519 tlarari
413 1503 423 1532 ‚
432 1458 634 1520 distensionem
643 1476 676 1515 ac
685 1455 856 1516 seditionem
867 1461 991 1521 moveri.

262 1597 265 1603 ,
350 1538 428 1600 LIX.
451 1541 515 1601 Jam
537 1560 572 1600 ex
590 1542 752 1597 insanorum
773 1554 821 1596 aut
842 1540 990 1606 ebriorum

305 1619 374 1680 visis
399 1619 616 1680 innumerabilia
637 1615 804 1696 conjediutd
822 1618 896 1678 trahi
919 1642 991 1701 pot·

304 1697 388 1774 sunt,
400 1721 463 1782 quae
474 1700 568 1759 futura
579 1698 744 1758 videantur.
758 1696 835 1778 Quis
845 1697 887 1759 est
899 1703 990 1779 enim,

303 1783 354 1861 qui
373 1798 468 1841 toturn
487 1781 566 1841 diem
586 1777 736 1859 jaculans,
754 1800 818 1841 nun
835 1780 988 1862 aliquando

302 1863 442 1923 collineet
452 1863 463 1922 i
474 1860 569 1922 Totas
583 1860 682 1920 nodies
698 1859 858 1920 dormimus
870 1881 879 1934 ;
893 1883 988 1945 neque

302 1943 360 2004 ulla
375 1943 436 2004 fere
447 1941 505 2014 est,
516 1943 640 2024 quinon
653 1939 847 2002 somniemus:
862 1943 893 2002 ἃ
906 1945 988 2005 mira·

301 2045 388 2100 mur,
411 2024 566 2106 aliquando
588 2022 639 2093 id,
666 2021 746 2103 quod
767 2020 986 2098 somniarimus,

300 2106 452 2168 evadere?
475 2104 557 2185 Quid
576 2101 616 2162 est
633 2121 693 2162 tam
712 2103 879 2177 incertum,
900 2105 984 2185 quim

301 2187 428 2247 talorum
444 2183 555 2264 juiius?
570 2202 667 2244 tamen
684 2203 773 2243 nemo
792 2181 850 2257 est,
862 2188 928 2265 quin
937 2184 984 2246 ste·

300 2287 341 2349 pe
368 2266 495 2344 jathur,
514 2265 684 2325 Venereum
701 2263 786 2343 jaciat
809 2265 984 2345 aliquando,

297 2365 522 2425 nonnumquam
542 2347 629 2403 etiam
648 2346 773 2417 iterum,
791 2366 825 2403 ac
845 2349 982 2407 tertium:

299 2447 371 2487 num
385 2427 488 2508 igitur,
502 2442 536 2484 ut
551 2423 659 2504 inepti,
671 2424 796 2485 Veneris
808 2425 838 2484 id
853 2424 917 2486 fieri
929 2430 984 2488 im·

299 2507 381 2588 pulsu
399 2507 540 2566 malumus
551 2504 657 2587 ,quint
666 2505 729 2565 casu
740 2550 749 2578 ,
761 2505 876 2565 dicere?
890 2506 984 2586 Quod

298 2589 343 2660 si,
361 2589 463 2647 ceteris
473 2586 669 2669 temporibus,
686 2585 762 2644 falsis
779 2588 847 2644 visis
860 2591 983 2653 creden,-

297 2667 368 2728 dum
387 2688 447 2728 non
466 2665 527 2740 est;
551 2689 612 2727 non
630 2667 740 2739 video,
759 2665 828 2747 quid
867 2670 984 2749 raecipui

296 2747 413 2809 somnus
432 2750 560 2822 habeat,
579 2750 608 2806 in
627 2768 686 2828 quo
706 2746 823 2807 valeant
840 2689 908 2808 iitsa
925 2770 983 2830 pro

293 2831 382 2890 veris.
464 2880 466 2882 .

296 2932 298 2937 ¹
339 2929 405 2970 122.
427 2909 554 2990 Quodsi
568 2908 608 2967 ita
628 2906 729 2967 naturi
741 2924 873 2988 paratum
891 2907 981 2985 ess'et,·

291 2987 984 3077 uteudorutientetngereut‚quaesotuuittreut⁸
