2709 4017
386 529 464 602 224
498 509 563 578 De
587 482 994 594 narona-urorum,

382 629 457 686 tinet
475 627 686 706 principatum,
702 626 740 684 ita
756 644 914 700 movetur,
932 643 965 685 ut
983 645 1076 706 quum

383 723 475 766 terras
506 705 586 788 largi
609 706 674 765 luce
702 707 926 786 compleverit,
956 706 1076 767 easdem

386 785 479 845 modb
498 786 558 860 his,
572 787 665 846 modi)
682 784 735 846 illis
753 807 789 848 ex
803 787 930 868 partibus
946 804 1075 867 opacet:

385 863 445 944 ipsa
461 869 538 926 enim
555 867 657 927 umbra
676 884 760 927 terrae
778 865 979 931 soiioffi'ciens
1001 888 1079 927 noc-

384 961 448 1005 tem
469 945 577 1007 efficit:
602 946 809 1009 nosiurnorum
836 966 935 1009 autem
962 949 1078 1027 spatio·

386 1045 451 1085 rum
471 1027 578 1087 eadem
592 1026 632 1087 est
651 1027 847 1108 aequabiiitas,
868 1049 932 1109 quae
954 1028 1079 1089 diurno·

385 1127 474 1179 rum3
493 1105 680 1187 ejusdemque
698 1107 765 1168 solis
779 1128 839 1168 tum
860 1105 988 1169 accessus
1008 1130 1078 1170 mo·

388 1185 467 1259 dici,
486 1205 547 1248 tum
567 1187 712 1263 recessus,
735 1189 766 1251 &
787 1188 901 1284 frigoris
920 1189 953 1249 &
972 1190 1077 1249 caloris

387 1268 512 1327 modum
535 1282 723 1349 temperante
749 1270 882 1331 circuitus
900 1270 985 1335 ,enim
1012 1269 1076 1331 solis

390 1347 505 1409 orbium
519 1369 543 1409 v
557 1349 698 1410 diebus&
710 1368 752 1409 Lx
764 1350 796 1410 &
807 1369 891 1423 ccc,
903 1349 1005 1429 quarti
1015 1350 1077 1415 fere

362 1462 372 1474 κ
386 1428 449 1488 diei
463 1448 543 1509 parte
555 1429 671 1502 additi,
684 1428 1078 1497 conversionemconsiciunt

385 1530 538 1568 annuam:
559 1510 707 1570 inflesiens
724 1527 823 1570 autem
834 1509 876 1571 sol
892 1509 1007 1569 cursum
1016 1511 1078 1571 tuni

389 1588 429 1648 ad
447 1586 687 1669 septemtriones,
701 1604 763 1649 tutu
779 1591 815 1650 ad
833 1590 1010 1663 meridiem,
1025 1613 1078 1651 aes·

388 1683 464 1727 rates
484 1669 514 1728 ὃ(
527 1669 638 1728 hiemes
651 1667 758 1743 efficit,
778 1670 810 1730 &
831 1671 939 1733 easduo
958 1688 1078 1754 tempo-

388 1769 443 1821 -ra,
465 1769 589 1828 quorum
607 1749 729 1809 alterum
746 1751 834 1811 hiemi
849 1749 1010 1813 senescenti
1027 1753 1079 1812 ad·

390 1826 521 1908 jureium
539 1828 579 1890 est
595 1874 604 1902 ‚
628 1831 752 1891 alterum
768 1829 865 1892 aestati.
883 1830 927 1893 Ita
941 1851 983 1900 ex
1004 1854 1079 1914 qua-

391 1925 460 1970 tuor
478 1928 643 1990 temporum
668 1912 897 1986 mutationibus,
914 1915 1079 1993 ptumum,
1117 1956 1119 1961 -

434 2011 457 2049 ae
473 1993 549 2052 terri
562 1994 689 2072 marique
703 1995 856 2075 gignuntur
868 2009 880 2068 ,·
892 1994 990 2068 initia,
1012 2015 1081 2057 cau·

405 2091 487 2154 aeque
508 2071 659 2133 ducuntur.

446 2171 491 2231 50.
523 2151 588 2211 Jam
619 2149 686 2210 solis
717 2171 828 2210 annuos
860 2152 954 2213 cursus
985 2151 1080 2235 spatiis

392 2229 543 2292 menstruis
561 2231 628 2290 luna
644 2227 826 2309 consequitur
844 2251 850 2289 :
871 2230 953 2310 cujus
975 2237 1082 2295 tenuis·

392 2313 498 2371 simum
515 2310 613 2369 lumen
638 2307 706 2367 facit
726 2311 874 2388 proximus
892 2312 1019 2375 accessus
1045 2314 1081 2374 ad

391 2390 502 2463 solem,
516 2386 649 2470 digressus
660 2407 756 2474 augem
769 2390 1081 2476 longissimusquisque

389 2470 604 2553 plenissimum.
629 2467 734 2551 Neque
764 2470 856 2531 solum
882 2470 1082 2556 ejus'species

395 2571 429 2611 ac
448 2550 542 2612 forma
562 2566 710 2622 mutatur,
733 2567 794 2611 tum
818 2552 997 2628 crescendo,
1017 2570 1081 2617 tum

393 2629 555 2693 defectibus
571 2633 601 2691 in
617 2632 696 2690 initia
712 2633 907 2707 recurrendo,
921 2633 970 2695 sed
992 2636 1082 2697 etiam

394 2713 500 2795 regio,
517 2733 582 2792 quae
596 2729 657 2771 tum
671 2710 712 2773 est
729 2713 916 2795 aquilonalis,
934 2733 997 2774 tum
1012 2736 1083 2776 nus·

395 2794 483 2854 tralis.
510 2790 543 2853 In
564 2792 638 2852 lunae
659 2815 777 2874 quoque
797 2793 875 2853 cursu
896 2791 937 2854 est
957 2796 990 2855 &
1007 2796 1083 2856 bru·

395 2895 452 2936 mae
472 2874 625 2955 quaedam,
643 2874 675 2933 &
689 2873 795 2934 solstitii
815 2873 990 2947 similitudo,
1007 2877 1084 2936 mul·

395 2970 484 3036 taque
507 2955 544 3016 ab
564 2975 599 3016 ea
618 2973 735 3014 manant
753 2998 763 3028 ‚
789 2954 819 3011 &
839 2954 951 3028 fluunt,
977 2956 1084 3036 quibus

396 3035 431 3101 ἃ
449 3036 609 3101 animantes
631 3037 741 3099 alantur
751 3078 770 3110 -‚
786 3034 996 3121 augescantque
1012 3037 1083 3112 e&
