2709 4017
341 503 392 583 2ss
441 501 918 573 Acnnrnrrconunr

338 635 423 689 rum,
441 616 512 676 vere
530 615 690 676 inaniterne
709 618 886 680 moveatur?
907 617 952 679 lta
972 641 1028 686 nc·

338 714 397 776 que
408 693 523 769 color,
543 716 638 777 neque
657 718 787 777 corpus,
812 719 868 758 nec
891 703 1025 786 veritas,

337 795 394 842 nec
424 795 624 858 argumentum
650 821 660 850 ,
693 797 748 838 nec
779 776 899 854 sensus,
925 801 1025 863 nequo

337 853 518 937 perspicuum
543 858 631 919 ullum
653 857 831 940 relinquitur.
977 911 981 921 .

383 953 429 1016 35.
452 935 495 995 Ex
518 938 574 997 hoc
593 937 664 996 illud
682 937 726 998 his
744 936 793 996 usu
809 938 910 998 venire
927 939 1025 1019 solet,

338 1031 396 1091 ut,
421 1016 560 1099 quidquid
582 1018 725 1099 dixerint,
748 1039 766 1077 a
785 1017 953 1101 quibusdam
972 1023 1035 1081 in·-¹

335 1097 539 1178 terrogeutur:
563 1096 642 1180 Ergo
657 1095 726 1156 istuc
743 1098 860 1177 quidem
875 1101 1023 1179 percipis?

338 1175 399 1241 Sed
412 1180 459 1258 qui
471 1181 511 1238 ita
522 1181 722 1258 interrogant,
740 1178 777 1237 ab
794 1177 836 1236 his
851 1179 1021 1245 irridentur:

338 1279 400 1319 non
420 1261 497 1319 enim
518 1275 644 1340 urgent,
664 1274 696 1316 ur
714 1273 871 1338 coarguant
890 1301 902 1330 ,
924 1262 1023 1320 nemi.

337 1359 408 1399 nem
424 1340 482 1399 ulla
495 1338 534 1407 de
551 1359 582 1399 re
603 1335 684 1418 polle
702 1338 898 1411 contendere,
924 1359 1023 1420 neque

339 1418 528 1493 asseverare,
549 1421 611 1479 sine
640 1418 734 1498 aliqua
757 1415 820 1497 ejus
840 1418 906 1489 rei,
932 1439 1038 1500 quantv

339 1501 394 1558 sibi
413 1498 530 1579 quimue
549 1499 663 1578 placere
685 1497 773 1571 dicit,
793 1515 871 1558 certa
892 1497 925 1573 β(
946 1521 1023 1580 pru·¹

339 1580 402 1659 pria
421 1596 502 1637 nota.
909 1617 912 1622 t
947 1593 950 1598 '

380 1658 426 1736 36.
437 1656 530 1736 Quod
542 1654 582 1718 est
591 1657 676 1738 igitur
690 1655 758 1715 istuc
773 1654 898 1717 vestrum
908 1659 1023 1738 proba·

338 1737 425 1798 bile?
448 1758 514 1797 nam
533 1739 581 1808 si,
601 1737 683 1818 quod
699 1739 800 1817 cuique
823 1738 967 1813 occurrit,
986 1741 1023 1802 dt

339 1821 435 1898 primo
491 1816 681 1899 asiadspstiu
702 1816 853 1897 probabile
872 1814 989 1879 viderur
1008 1861 1037 1895 ,-

338 1898 369 1958 id
395 1920 451 1959 con
487 1916 607 1973 matur,
633 1896 702 1979 quid
723 1917 761 1957 eo
780 1895 894 1957 levius?
916 1899 959 1958 sin
981 1917 1021 1960 ex

337 1978 592 2060 circumspedlione
607 1979 703 2063 aliqua
721 1977 753 2037 δι
771 1993 901 2038 accurata
921 1981 1036 2040 consi·v

339 2059 513 2130 deratione,
537 2057 617 2138 quod
638 2058 731 2118 visum
747 2059 806 2130 sit,
830 2057 859 2116 id
876 2056 904 2117 se
918 2059 1022 2121 dicent

335 2138 440 2216 sequi,
464 2155 562 2204 tamen
582 2137 689 2199 exitum
704 2158 764 2197 non
785 2138 942 2200 habebunt.
956 2137 1022 2199 Pri-

340 2220 421 2278 mirm
442 2263 452 2292 ,
478 2219 543 2298 quia
568 2217 612 2276 his
643 2219 712 2282 visis
732 2239 749 2290 ,·
768 2220 844 2279 inter
864 2240 927 2299 quae
948 2220 1020 2280 nihil

338 2296 455 2360 interest
478 2342 488 2371 ,
517 2298 664 2378 aequaliter
697 2297 831 2358 omnibus
864 2299 1021 2380 abrogatur

339 2372 439 2441 fides:
460 2375 585 2454 deinde,
607 2399 695 2460 quum
718 2378 814 2437 dicant
832 2376 912 2458 posse
939 2381 1020 2439 acci·

340 2457 410 2518 dere
428 2456 572 2538 sapienti,
588 2478 645 2533 ut,
669 2478 757 2538 quum
779 2460 877 2517 omnia
892 2457 1018 2538 fecerit,

339 2537 613 2620 diligentissimeque
634 2537 885 2630 circumspexerit,
902 2538 1017 2613 exsistat

339 2618 466 2698 aliquid,
487 2619 567 2700 quod
585 2618 618 2679 &
638 2617 793 2680 verisimile
810 2617 961 2692 videatur,
982 2620 1033 2680 &-

337 2699 411 2767 absit
430 2697 596 2780 longissime
622 2719 640 2756 a
664 2717 761 2770 vero;
808 2698 967 2772 uomodo,
992 2701 1017 2760 si

339 2801 444 2862 magna
461 2796 542 2859 parte
561 2777 679 2858 quidem
702 2773 766 2859 (ut
783 2717 877 2836 dolent
894 2777 990 2840 dicere
1001 2778 1031 2861 )·

336 2862 375 2920 ad
388 2881 488 2920 verum
500 2860 509 2916 i
533 2855 613 2929 sum,
627 2873 675 2916 aut
687 2856 772 2938 quim
786 2856 917 2936 proxime
931 2873 1017 2920 acce'·

339 2941 429 3014 dant,
447 2959 502 2999 con
525 2936 593 2995 dere
615 2938 668 2997 sibi
688 2935 848 3018 poterunt?
870 2935 913 2995 Ut
936 2941 1015 2998 enim

337 3020 507 3093 confidant,
520 3032 627 3092 notum.
639 3017 682 3079 bis
696 3015 753 3080 elle
768 3015 888 3088 debebit
904 3019 1015 3102 insigne
1027 3062 1030 3067 .
