2709 4017
436 550 594 616 Lraan
624 543 834 618 P'nrnnsss
895 544 975 646 1'3‘5

287 655 331 720 de
343 677 376 720 re
394 658 448 739 ipsi
459 657 632 734 sentiamus,
646 663 783 724 curiosius
797 661 827 734 id
839 661 947 724 faciunt
956 674 980 739 ,³
1061 719 1063 722 .

287 739 377 832 quim
400 737 513 800 'necelle
531 737 593 813 ell3
611 762 672 802 uon
691 744 771 804 enirn
789 764 849 804 cam
865 744 968 804 audio·

287 821 377 879 ntatis
395 820 423 878 in
442 818 636 900 disputando,
655 822 743 904 quim
764 826 882 884 rationis
900 845 968 884 mo·

286 915 387 959 menta
413 900 567 981 querenda
586 902 669 963 fiant:
690 905 758 985 quin
781 907 867 965 etiam
886 903 969 965 obesi

285 979 457 1060 plerumque
474 982 527 1054 iis,
542 983 591 1062 qui
607 980 714 1044 discere
732 984 852 1055 volunt,
870 983 968 1044 auclo-
1057 1051 1060 1057 ,

285 1061 354 1118 ritas
373 1079 498 1133 eorum,
524 1061 619 1140 quise
645 1062 753 1125 docere
771 1062 969 1145 profitentur:

284 1137 420 1201 desinunt
441 1142 519 1201 enim
539 1140 619 1202 suum
645 1142 783 1221 judicium
805 1143 941 1204 adhibere
956 1165 978 1218 31·

284 1219 317 1279 id
345 1219 455 1280 habent
480 1232 574 1280 rarum
593 1249 614 1294 ‚s
634 1223 715 1303 quod
737 1225 773 1284 ab
795 1244 858 1297 eo,
877 1245 967 1304 quem

283 1298 442 1379 probant,
479 1296 635 1376 judicatum
664 1302 775 1363 rident.
803 1303 868 1364 Nec
893 1304 979 1364 vero'

282 1379 415 1458 probare
433 1377 514 1440 soleo
536 1378 585 1453 id,
606 1381 688 1460 quod
716 1381 753 1443 de
775 1380 869 1463 Pytha
891 1385 971 1442 orele

282 1461 472 1538 accepimus;
492 1478 564 1539 qnos
582 1459 695 1536 serunt,
714 1463 737 1522 si
753 1463 822 1543 quid
843 1403 970 1523 affirma·

283 1555 351 1598 rent
371 1541 400 1598 in
420 1538 612 1618 disputando,
635 1562 723 1621 quum
747 1563 784 1603 ex
801 1546 833 1602 iis
853 1562 977 1625 quaere-¹

284 1626 383 1692 retur,
403 1639 491 1700 quare
515 1621 555 1679 ita
573 1617 643 1680 ellet
664 1667 675 1696 ‚
703 1622 879 1704 respondere
897 1623 966 1683 soli·

284 1713 333 1757 tos
349 1720 356 1757 ι
374 1699 435 1780 Ipse
457 1702 548 1760 dixit:
573 1699 633 1780 ipse
655 1720 752 1762 autem
770 1721 832 1766 erat
850 1703 966 1784 Pytha·

284 1789 370 1858 goras
385 1796 526 1838 stantum
549 1781 649 1858 opinio
669 1781 854 1862 prejudicare
874 1799 974 1863 pote·'

283 1874 329 1917 rat
339 1903 351 1930 ,
368 1876 400 1918 ut
418 1859 506 1918 etiam
521 1859 584 1917 sine
605 1860 718 1920 ratione
737 1863 848 1922 valeret
866 1864 976 1935 audio-T

281 1938 370 1998 titan·
663 1966 677 1974 1=
825 1955 834 1967 ··
973 1947 976 1951 ’

331 2037 377 2081 11.
404 2014 469 2094 Qui
495 2032 591 2077 autem
621 2016 786 2090 mirantur,
816 2016 964 2080 nosnane

281 2097 466 2178 potissimum
484 2095 658 2177 disciplinam
677 2095 811 2170 secutos,
835 2097 878 2156 lris
896 2117 976 2236 (poam⁸

281 2193 350 2237 tuor
381 2175 563 2236 Academicis
594 2177 672 2236 libris
701 2175 763 2237 satia
796 2177 901 2257 respon
914 2187 974 2239 ur'n·

282 2259 407 2320 ridetur.
423 2254 489 2317 Nec
510 2256 584 2319 vero
601 2257 774 2318 desertarum
789 2258 975 2320 relidlarum·¹

282 2339 340 2417 q'ue
360 2340 462 2397 'rerum
482 2339 672 2418 patrocinium
691 2336 882 2419 suscepimus:
901 2360 968 2400 non·

282 2421 360 2477 enim
378 2418 530 2479 hominum
550 2420 666 2478 interitu
681 2416 828 2479 sententiae
884 2441 903 2478 o
925 2430 969 2481 ue'

282 2499 438 2572 occidum3
454 2496 504 2556 sed
521 2498 615 2557 lucem
634 2497 756 2558 audieris
774 2497 849 2558 sorta
871 2440 971 2573 edef-⁸

282 2577 431 2639 siderant:
464 2594 495 2638 ut
527 2577 588 2637 haec
616 2579 645 2637 in
680 2577 860 2658 philosophia
886 2582 960 2640 ratio

282 2676 383 2719 contra
404 2659 501 2718 omnia
522 2655 694 2732 disserendi,
714 2657 879 2740 nullamque
897 2679 964 2720 rem·

280 2739 380 2818 aperte
400 2736 567 2816 judicandi,
581 2736 711 2820 profesia
728 2760 745 2798 a
762 2737 896 2810 Socrate,
913 2759 960 2799 re·

280 2820 373 2896 petita
394 2817 430 2876 ab
447 2816 595 2891 Arcesila,
613 2817 780 2880 confirmata
796 2841 812 2878 a
830 2818 965 2880 Caroea·-

282 2895 343 2966 de‚
367 2895 452 2978 usque
480 2899 516 2960 ad
543 2896 668 2959 nostram
696 2902 788 2982 viguit
813 2915 960 2968 aratem3

280 2998 368 3057 quam
399 2998 474 3037 nunc
500 2981 717 3059 propemodum
738 2978 838 3040 orbam
856 2975 911 3036 esse
927 2976 969 3034 in*

279 3056 342 3138 ipsa
363 3056 477 3139 Grecia
494 3059 643 3140 intelligo:
660 3060 740 3141 quod
759 3077 819 3117 non
838 3053 968 3117 Aradea
