2709 4017
396 501 476 596 ¹178
516 499 583 568 Dr
606 515 779 572 narona
801 516 1011 592 protom

397 635 458 679 tam
472 615 645 699 scientiam)
662 616 750 697 usque
765 637 781 676 a
796 613 892 678 Thale
908 618 1030 680 Milesio
1046 619 1089 683 de

399 715 500 757 natura
517 697 639 758 deorum
658 696 895 778 philosophorum
917 697 1086 760 sententias.

400 775 551 839 Omnesne
570 779 623 837 tibi
640 778 682 836 illi
708 777 828 838 delirare
845 781 900 838 visi
919 778 1012 851 sunt,
1036 782 1088 861 qui

399 860 462 917 sine
483 857 613 918 manibus
640 858 672 916 &
697 857 819 937 pedibus
842 857 972 919 constare
997 861 1090 921 deum

398 935 482 1017 poffe
506 938 728 998 decreverunt?
750 957 788 998 ne
811 938 869 998 hoc
887 940 1006 1018 quidem
1030 960 1088 1002 vos

400 1034 532 1090 movet,
551 1017 793 1091 considerantes,
816 1038 881 1098 quae
896 1021 932 1078 sit
952 1020 1059 1080 utilitas
1077 1064 1092 1095 ,

366 1099 368 1103 ’
401 1112 525 1177 queque
542 1100 743 1178 opportunitas
757 1101 787 1157 in
801 1099 920 1159 homine
937 1099 1090 1160 membro·

399 1197 468 1236 rum
480 1222 490 1250 ,
502 1193 534 1237 ut
551 1175 680 1257 judicetis
691 1191 708 1250 ,¹
718 1178 855 1238 membris
871 1179 1002 1239 humanis
1016 1180 1094 1242 deos-

404 1276 476 1317 non
488 1258 599 1340 egere?
620 1257 706 1337 Quid
721 1260 799 1329 enirn
815 1258 937 1338 pedibus
957 1279 976 1319 o
997 1280 1033 1318 us
1048 1259 1090 1321 est

403 1332 469 1398 sine
482 1337 626 1420 ingreffu?
643 1338 717 1420 quid·
730 1339 860 1398 manibus
868 1357 884 1411 ‚·
891 1340 915 1397 si
922 1281 997 1398 nihi?
1006 1360 1094 1400 com*

405 1418 675 1498 prehendendum?
695 1419 765 1498 quid
791 1417 900 1498 reliqua
917 1418 1092 1505 descriptio*

408 1512 449 1557 ne
469 1502 599 1558 omnium
614 1500 744 1578 corporis
763 1501 906 1577 partium,
925 1501 954 1556 in
971 1518 1028 1579 qna
1040 1502 1093 1561 ni·

407 1577 450 1634 vhil
466 1580 551 1655 inane
561 1621 570 1650 ‚
580 1577 651 1637 nihil
668 1579 730 1636 sine
746 1579 851 1652 causa,
870 1579 938 1636 nihil
952 1577 1096 1658 superva-

410 1675 532 1714 caneum
550 1654 615 1716 est?
635 1655 737 1737 ltaque
755 1657 832 1716 nulla
855 1677 899 1716 ars
920 1660 1024 1719 imitari
1044 1657 1095 1719 so‘·

409 1735 523 1795 lertiam
540 1753 648 1797 naturae
664 1734 769 1816 potest.
785 1736 914 1797 Habebit
929 1740 1015 1820 igitur
1034 1739 1095 1798 lin-

411 1835 498 1896 guam
518 1816 608 1891 deus,
623 1816 656 1876 ὃ(
670 1837 732 1876 non
747 1817 897 1898 loquetur:
913 1817 1031 1892 dentes,
1041 1840 1096 1901 pa·

411 1898 522 1971 latum,
538 1895 654 1969 fauces,
672 1898 783 1958 nullum
799 1899 835 1958 ad
852 1894 951 1956 usum:
973 1918 1100 1979 quaeque

411 1979 621 2055 procreationis
638 1979 723 2038 causi
733 1994 831 2038 natura
842 1979 956 2055 corpori
968 1976 1100 2052 affinxit,

413 2075 449 2116 ea
469 2055 569 2116 frustra
586 2050 704 2116 haBebit
724 2057 812 2116 deus:
830 2075 884 2114 nec
902 2072 1021 2117 externa
1035 2079 1098 2118 ma·

412 2138 473 2217 gis,‘
490 2135 578 2216 quom
592 2138 749 2206 interiora,
765 2154 836 2204 cor,
855 2133 1030 2211 pulmones,
1052 2135 1101 2216 je.

309 2249 311 2252 <
414 2229 613 2289 cur‚cetera;
651 2235 713 2286 uae,
729 2211 855 2272 detracto
874 2210 1015 2287 utilitate,
1049 2217 1099 2278 uid

413 2294 522 2352 habent
547 2313 624 2353 venu
665 2294 700 2351 tis
727 2291 738 2350 ἓ
766 2289 1003 2372 quandoquidem
1027 2237 1101 2358 Ἱιες

414 2371 472 2452 effe
485 2374 516 2432 in
532 2371 590 2432 deo
604 2390 726 2454 propter
741 2371 981 2452 pulchritudinem
998 2377 1098 2437 vultis.

458 2469 509 2529 93.
527 2451 622 2514 Istisne
641 2451 764 2513 fidentes
787 2451 902 2513 somniis
919 2473 979 2512 non
1006 2457 1103 2516 modo

408 2531 580 2612 ¹Epicurus,
600 2535 632 2594 &
647 2533 856 2606 Metrodorus,
873 2533 904 2591 &
918 2531 1104 2595 Hermachus

415 2630 520 2673 contra
541 2612 636 2696 Pytha
657 2635 767 2688 oram,
787 2612 962 2684 Platonem,
988 2612 1101 2696 Empe·

419 2694 541 2770 doclent¹
557 2715 595 2756 ue
628 2637 760 2757 «fixerunt
789 2738 800 2768 ‚
836 2692 886 2754 sed
917 2695 1105 2755 meretricula

402 2777 509 2835 ”etism
539 2808 541 2813 ·
571 2779 702 2836 contium
733 2790 834 2849 contra
868 2771 955 2833 Theo
977 2772 1104 2842 hrastum

404 2855 545 2916 ·scribere
566 2855 631 2919 ausa
646 2854 687 2917 est
706 2856 718 2915 ἓ
742 2853 812 2913 scito
835 2852 882 2914 illa
898 2794 1105 2934 quisernser·

422 2954 542 3010 morte,
566 2936 599 2997 &
622 2935 746 2998 Attico:
772 2931 823 2993 sed
844 2949 971 2994 tamen:
991 2951 1107 2996 tantum
