2709 4017
385 547 388 552 .
424 492 809 560 trerminum
889 508 954 582 173

294 649 297 655 -
320 598 430 664 XXX.
460 603 530 663 Non
551 604 642 684 pudet
668 602 752 683 igitur
773 604 927 684 physicum
951 645 961 675 ,

278 681 310 743 id
327 684 388 758 est,
403 679 610 765 speculatorem
628 700 859 765 venatoremque
879 700 964 747 natu·

279 778 339 837 tae,
360 764 395 823 ab
412 767 512 823 animis
530 761 737 823 consuetudine
755 764 891 836 imbutis,
910 781 963 840 pe·

278 859 342 904 tere
356 842 551 904 testimonium
569 844 696 903 veritatis
707 841 717 901 ἓ
729 840 877 915 ὶίὶο;εηὶιῃ
895 841 963 900 mo·

278 922 319 981 do
341 924 437 984 dicere
455 923 577 997 licebit,
596 922 703 983 lovem
726 921 963 1003 semper2barba÷

277 1021 341 1061 tum
360 1048 369 1074 ,
386 1000 558 1083 Apollinem
573 1002 686 1082 semper
703 1003 884 1073 imberbem,
906 1022 964 1060 cae·

278 1084 337 1141 sios
355 1085 456 1143 oculos
469 1082 632 1155 Minervae,
649 1080 791 1142 coeruleos
803 1081 859 1142 else
878 1079 964 1159 Nep·

277 1163 350 1219 tuni.
362 1161 399 1220 Et
410 1163 528 1243 quidem
540 1162 688 1221 laudamus
697 1159 862 1221 Vulcanum
872 1159 964 1225 Athe·

278 1243 324 1298 nis
342 1259 430 1312 eum,
448 1241 619 1320 quemfecit
635 1240 812 1301 Alcamenes
831 1261 839 1311 3
853 1243 882 1307 in
903 1259 962 1318 quo

278 1315 372 1378 stante
388 1336 474 1400 atque
487 1317 591 1378 vestito
607 1320 711 1378 leviter
723 1338 843 1399 apparet
856 1319 964 1392 claudi·

279 1401 357 1458 catio
377 1419 437 1458 non
455 1394 604 1458 deformis.
618 1397 763 1457 Claudum
777 1401 860 1479 igitur
874 1397 965 1457 habe—

277 1477 373 1538 bimus
399 1478 513 1552 deum,
542 1480 678 1560 quoniam
702 1478 739 1538 de
763 1477 898 1549 Vulcano
921 1479 964 1541 sie

278 1560 454 1639 accepimus.
761 1580 764 1585 ·
924 1589 957 1624 μ

320 1637 370 1712 84.
384 1638 469 1720 Age,
487 1637 573 1699 &his
589 1637 739 1698 vocabulis
753 1640 829 1698 deor:
843 1634 899 1698 elle
919 1635 963 1697 sa-

278 1718 397 1792 cimus,
422 1717 523 1798 quibus
546 1740 564 1776 a
592 1719 675 1779 nobis
695 1721 896 1794 nominantur.
918 1717 961 1777 At

276 1799 404 1880 primum
426 1813 496 1879 quot
516 1798 666 1856 hominum
689 1798 819 1878 linguae,
841 1814 887 1865 tot
909 1817 965 1856 no·

277 1880 358 1937 mina
377 1876 499 1935 deorum
510 1896 517 1933 :
529 1897 589 1934 non
607 1879 684 1935 enim
696 1920 705 1948 ,
717 1893 748 1934 ut
768 1893 799 1934 tu
811 1875 962 1946 Velleius,

295 1961 465 2036 'uocumque
492 1957 636 2027 veneris,
664 1956 705 2013 sic
727 1955 806 2014 idem
825 1957 854 2012 in
880 1953 962 2020 ltalia

276 1977 448 2108 Xulcanus,
462 2034 540 2094 idem
549 2036 578 2093 in
589 2033 705 2107 Africa,
718 2034 839 2107 idemin
858 2032 964 2113 Hispa-

277 2116 338 2176 nia.
360 2113 478 2174 Deinde
489 2117 639 2174 nominum
652 2136 713 2173 non
729 2135 848 2195 magnus
861 2128 963 2184 nume}

277 2217 326 2256 rus
339 2239 348 2269 ,
360 2215 398 2254 ne
415 2196 443 2254 in
459 2191 613 2275 pontificiis
648 2197 744 2254 uidem
761 2193 860 2254 nostris
872 2216 881 2267 3
894 2195 965 2256 dem

277 2296 342 2335 rum
352 2292 448 2335 autern
457 2217 679 2335 innumerabilis.
696 2275 745 2335 An
757 2276 818 2335 sine
831 2278 960 2336 nomini·

277 2355 331 2414 bus
355 2354 417 2417 sunt
438 2354 449 2419 i
472 2354 544 2420 illud
564 2356 681 2438 quidem
698 2359 738 2431 ita
756 2356 840 2422 vobis
862 2356 962 2420 dcere

277 2432 392 2496 necesse
411 2435 469 2496 est:
487 2437 556 2517 quid
567 2440 644 2497 enim
661 2440 784 2511 attinet,
801 2458 890 2519 quum
901 2458 958 2499 uns

278 2514 366 2575 facies
384 2518 441 2590 sit,
456 2517 537 2597 plura
552 2515 608 2576 esse
624 2516 766 2576 nomina?
928 2578 930 2583 ,

320 2595 369 2675 8ς.
393 2594 493 2674 Ωιιὲηι
509 2597 618 2658 bellum
632 2614 714 2670 erat,
730 2595 848 2668 Vellei,
868 2595 961 2657 confi·

277 2678 335 2735 teri
352 2677 446 2753 potius
463 2675 571 2736 nescire
588 2722 598 2750 ,
616 2676 697 2758 quod
715 2676 855 2750 nescires,
871 2675 959 2757 quirin

278 2752 331 2814 ista
347 2751 527 2816 effutientem
543 2756 697 2831 nauseare,
714 2773 799 2838 atque
817 2755 961 2834 ipsumsi-

277 2834 310 2894 bi
330 2831 504 2912 displicere?
527 2835 576 2895 An
598 2852 628 2896 tu
650 2839 708 2897 mei
731 2836 852 2897 similem
877 2848 959 2912 putas

279 2909 363 2982 esse,
385 2930 433 2971 aut
447 2917 487 2974 tui
504 2915 591 2976 deum
608 2927 618 2976 ,³
638 2916 771 2998 profeslb
787 2934 848 2974 non
864 2927 963 2989 putau-

277 2990 362 3076 Quid
378 2993 470 3077 ergo?
487 2993 578 3058 solem
594 2997 706 3073 dicam,
717 2995 898 3151 autllpnititjm
910 3005 958 3054 aut
