2709 4017
337 481 414 576 3¹28
486 479 601 548 'Du
639 463 941 561 eadm-³

337 594 412 656 cesse
430 591 470 655 est
484 594 670 675 colligatione
692 591 840 664 naturali,
861 588 1021 666 consent&

338 673 530 757 contexteque
538 672 601 733 fieri
612 694 621 745 3
632 672 788 732 nihildicat.
802 671 932 731 Multum
943 675 1021 732 enim

339 753 434 814 differt
452 799 462 826 ,
488 757 582 813 utrum
600 752 680 812 causa
698 751 831 810 naturalis
851 771 889 812 ex
906 755 1022 812 aetemi·

338 850 399 893 tate
422 833 608 893 fututa-veta
628 830 760 902 efficiat,
787 853 825 891 an
845 834 935 892 etiam
961 835 1021 892 sine

337 916 498 973 eternitate
519 912 656 983 naturali,
679 909 772 970 futura
794 931 858 990 quae
881 916 968 984 sint,
989 931 1020 972 ea

338 1014 409 1053 veta
431 991 487 1052 elle
503 995 613 1071 possint
630 991 763 1072 intelligi.
784 988 829 1049 Ita
851 1009 888 1050 ue
908 992 1021 1052 dicebat

340 1071 528 1144 Carneades,
544 1091 581 1131 ne
602 1069 772 1151 Apollinem
787 1013 909 1150 quidem
928 1071 1020 1131 fututa

339 1149 419 1233 polle
438 1152 566 1226 dicere,
582 1153 636 1209 nisi
654 1171 688 1211 ea
706 1150 831 1231 quo'rum
845 1150 953 1223 'causas
969 1173 1020 1210 na·

339 1247 402 1290 tuta
427 1233 467 1290 ita
493 1232 681 1308 contineret,
706 1247 739 1290 ut
765 1250 799 1290 ea
825 1227 889 1290 fieri
913 1229 1020 1293 necelle

339 1309 427 1372 effen·
782 1342 786 1350 ·

340 1402 431 1471 θῇς.
452 1390 626 1470 Quide'n'itn
641 1388 769 1470 spectans
786 1389 860 1450 deus
873 1390 934 1471 ipse
945 1391 1021 1452 dicei

341 1489 385 1530 ret
396 1516 408 1543 ,
428 1471 598 1531 Marcellum
615 1490 683 1531 eum
692 1498 708 1544 ,·
719 1472 767 1550 qui
779 1487 824 1530 tet
836 1471 937 1531 consul
954 1471 1020 1545 fuit,

341 1551 372 1610 in
387 1552 458 1609 mari
478 1549 534 1612 elle
547 1550 728 1630 petiturum?
747 1548 814 1608 Erat
829 1551 951 1632 quidem
965 1553 1020 1611 hoc

341 1649 444 1689 vetum
461 1651 497 1689 etc
511 1634 675 1690 'aeternitate
694 1675 704 1702 ‚
724 1629 773 1689 sed
791 1630 888 1689 causas
906 1632 936 1690 id
958 1629 1021 1692 effi·

339 1711 450 1769 cientes
467 1730 528 1770 non
538 1711 672 1770 habebat.
684 1709 726 1769 lta
741 1728 779 1770 ne
796 1713 1022 1791 preteritaqui·¹

341 1789 459 1850 demea
478 1835 487 1864 ,
507 1812 630 1872 quorum
647 1791 725 1850 nulla
748 1793 770 1848 si
791 1810 828 1849 na
846 1835 856 1864 ,
874 1796 1021 1872 tamquam

341 1869 489 1951 vestigia,
516 1870 682 1945 exstarent,
710 1810 839 1951 Apollini
869 1887 942 1930 nota
966 1868 1020 1931 elle

342 1950 496 2022 censebat3
517 1953 574 2031 qul)
594 1953 687 2009 minius
700 1949 811 2010 fututa:
834 1954 927 2010 'causis
945 1953 1021 2011 enim

342 2030 531 2090 efficientibus
547 2051 690 2111 quamque
711 2050 772 2089 rem
786 2031 927 2111 cognitis,
942 2029 1020 2110 posse

343 2111 469 2192 denique
491 2113 550 2170 sciri
570 2157 579 2184 ‚
598 2112 666 2192 quid
683 2109 806 2168 futurum
826 2109 923 2170 ellet:
950 2131 1019 2191 ergo

341 2212 397 2251 nec
417 2192 453 2252 de
467 2191 613 2270 OEdipode
624 2187 744 2270 potuille
758 2187 932 2270 Apollinem
950 2211 1020 2271 prae·

342 2271 458 2344 dicere,
472 2272 554 2329 nullis
569 2275 599 2329 in
614 2291 708 2329 rerum
725 2285 824 2327 natura
840 2273 931 2330 causis
948 2292 1020 2350 prae·

341 2352 463 2430 positis,
477 2369 526 2406 cut
543 2352 626 2408 abeo
641 2366 754 2427 pattetn
768 2347 890 2408 interfici
907 2347 1016 2410 neceffe

343 2428 429 2490 ellet:
446 2430 671 2508 necquidquam
691 2426 840 2503 ejusmodi.

383 2508 453 2567 XV.
475 2508 621 2588 Quocirca
639 2511 662 2567 si
673 2507 793 2581 Stoicis,
808 2511 857 2589 qui
871 2507 993 2569 omniaf
1006 2540 1021 2556 ·

340 2604 373 2648 to
396 2587 458 2648 fieri
479 2589 600 2663 dicunt,
620 2587 845 2662 consentaneum
862 2587 904 2649 est
924 2588 1022 2668 hujus-

341 2669 424 2728 modi
449 2672 587 2742 oracula‚
608 2685 785 2747 ceteraque,
805 2689 870 2748 quae
891 2668 928 2728 ad
946 2671 1021 2730 divi·

341 2751 490 2808 nationem
509 2751 667 2829 pertinent,
685 2749 881 2827 comprobate
891 2769 901 2822 ;
922 2751 954 2808 iis
971 2770 1022 2808 au·

341 2845 424 2902 tem,
444 2831 492 2908 qui
509 2874 517 2902 ,
533 2849 595 2908 quae
610 2827 703 2886 futura
720 2827 799 2899 sunt,
818 2836 855 2888 ea
874 2848 945 2889 vera
964 2827 1021 2890 elle

340 2918 379 2969 'ex
391 2909 547 2968 aeternitate
564 2908 677 2981 dicunt,
690 2928 749 2967 non
765 2908 845 2968 idem
864 2909 1022 2970 dicendum

340 2985 404 3062 est5
421 2987 505 3065 vide,
525 3007 562 3051 ne
576 3007 639 3051 non
654 2987 758 3053 eadem
770 2989 806 3050 sit
820 2987 941 3052 illorum
958 3011 1023 3055 cau·

971 3091 1024 3153 sa,
