2709 4017
317 488 405 590 468·
444 486 512 563 Da
545 490 878 584 inmurmurat}
896 482 917 543 ¹·

317 608 420 695 populi
440 605 568 668 Romani
585 608 750 671 libertatem
764 610 929 674 defendere
949 613 1017 696 ρι’-ΐ-

316 708 393 754 taret
412 711 420 749 r
439 687 498 770 ipse
520 688 578 749 hoc
602 688 744 751 sentiebat
761 694 883 765 ‚²sicuri
909 693 1013 759 sensit.

316 773 400 835 Aves
421 787 545 830 eventus
567 767 747 855 significant,
772 789 821 832 aut
843 773 1012 852 adversos,

316 871 365 915 aut
384 850 536 911 secundos.
840 844 851 863 ’

322 946 325 953 '
354 951 405 1012 79.
426 931 549 992 Virtutis
573 927 702 1010 auspiciis
720 931 812 993 video
842 931 1008 997 essentum

314 1011 514 1094 Deiotarum,
531 1031 593 1091 quae
603 1009 821 1092 vetatspediare
836 1013 1004 1091 fortunam,

316 1096 387 1156 dum
406 1091 553 1174 praestetur
575 1089 664 1151 fides:
682 1113 751 1154 aves
768 1095 845 1154 verb
854 1139 867 1166 ,
884 1098 909 1154 si
960 1095 1010 1157 os«

313 1194 403 1263 peros
422 1191 545 1234 eventus
560 1169 768 1246 ostenderunt,
785 1175 865 1234 certe
885 1175 916 1236 fe
931 1177 1007 1238 ell'e-

315 1272 391 1316 runt.
400 1254 484 1339 Fugit
503 1273 519 1312 e
533 1253 633 1332 ptaelio
650 1273 716 1312 eum
731 1251 899 1335 Pompeio:
915 1276 1007 1337 grave

314 1355 441 1415 tempus.
472 1333 611 1394 ffiscessit
634 1333 669 1391 ab
699 1354 768 1394 eo:
795 1334 925 1396 luciuosa
949 1357 1008 1398 res.

315 1416 460 1479 Casatem
477 1414 585 1476 eodem
602 1414 737 1494 tempore
748 1413 863 1476 hostem
884 1416 918 1476 δι
937 1416 1005 1478 hos·

321 1501 407 1558 'item
418 1497 492 1557 vidit
504 1515 511 1552 :
530 1492 599 1574 quid
613 1493 670 1553 hbe
684 1493 807 1554 tristius?
829 1493 859 1555 Is
873 1517 964 1577 quum
976 1499 1006 1556 ei

312 1519 511 1638 Xrocmorum
521 1574 704 1635 tetrarchiam
714 1572 876 1656 eripuisset,
893 1575 1005 1638 &asse

312 1659 365 1719 dae
386 1655 437 1714 suo
463 1654 643 1734 Pergameno
665 1656 762 1716 nesci0
785 1657 831 1715 cui
855 1654 977 1718 dedisset
989 1675 1003 1729 ,'

311 1737 467 1817 'eidemque
489 1731 652 1794 detraxisset
672 1736 844 1796 Armeniam
867 1736 1003 1798 asenam

310 1819 431 1891 datam;
447 1833 593 1898 quumque
607 1815 644 1874 ab
662 1837 699 1878 eo
713 1838 760 1876 ma
782 1814 1001 1878 nificentissimo

310 1898 437 1980 hospitio
455 1911 591 1977 acceptus
609 1893 678 1958 esset
691 1943 701 1969 ‚
715 1837 870 1978 spoIiatum
886 1899 999 1980 requuit

311 1977 348 2043 ⁹&
367 1978 530 2061 hospitem,
550 1977 582 2036 ὃ(
605 1998 717 2060 regem.
740 1976 801 2038 Sed
822 1976 908 2038 labor
933 1979 998 2039 Ion·

310 2064 391 2146 gius:
416 2059 453 2120 ad
472 2057 653 2140 propositum
675 2073 812 2120 revertat.
841 2055 873 2116 Si
894 2076 999 2120 eventa

309 2145 484 2224 quaerImus,
507 2160 569 2221 quae
586 2141 769 2229 exquiruntur
781 2138 903 2212 avibus3
918 2140 996 2200 nullo

309 2223 404 2283 modo
423 2220 558 2301 prospera
577 2219 743 2299 Dejotaro:
761 2222 803 2278 sin
822 2217 920 2280 officia
939 2241 948 2294 3
979 2241 996 2280 a

307 2299 416 2386 uirtute
444 2304 560 2380 ipsius,
596 2322 656 2360 non
683 2301 720 2360 ab
751 2299 879 2381 auspiciis
908 2301 997 2381 petita

308 2383 382 2445 sunt.

351 2458 526 2522 XXXVIII.
547 2459 661 2522 Omitte
678 2463 762 2545 igitur
770 2459 873 2520 lituum
884 2461 996 2522 Romu·

307 2544 352 2617 Ii,
375 2563 462 2624 quem
479 2546 507 2601 in
522 2545 648 2603 maximo
670 2541 805 2602 incendio
826 2560 917 2623 negas
940 2564 996 2622 pob
1022 2599 1031 2609 ,

304 2623 390 2701 ¹ruisse
422 2624 576 2684 comburi:
606 2640 762 2683 contemne
790 2640 891 2681 cotem
921 2621 995 2681 Attii

307 2703 423 2769 Navii:
454 2705 524 2762 nihil
552 2704 641 2763 debet
671 2700 727 2762 esse
758 2703 786 2759 in
833 2701 996 2782 hilosophia

309 2785 514 2848 commentitiis
533 2781 644 2843 fabellis
660 2785 729 2842 loci.
751 2722 830 2840 Illud
844 2799 906 2842 etat
927 2782 996 2862 phi·

308 2867 445 2946 losophi,
471 2866 558 2922 totius
582 2865 691 2942 augurii
713 2864 837 2942 primum
861 2881 994 2922 naturam

307 2947 396 3027 ipsam
406 2945 523 3015 videre,
537 2943 641 3001 deinde
652 2944 852 3003 inventionem
864 2988 873 3015 ‚
885 2943 994 3003 deinde

294 3025 507 3103 ‘constantiam
528 3020 606 3101 Quae
622 3021 663 3084 est
683 3025 770 3107 igitur
788 3039 912 3100 natura,
929 3043 996 3107 que
