2709 4017
394 536 472 618 530
615 517 696 586 Dr
730 529 891 601 mo,

395 654 458 695 non
486 645 518 689 ut
541 648 584 690 eae
604 648 651 689 res
676 626 788 688 causam
806 622 947 689 afferrent
966 627 1083 692 anons:

438 708 522 770 XVI.
546 707 686 769 Interesse
710 719 808 768 autem
836 710 916 767 aiunt
942 751 954 782 ‚
988 713 1081 770 utrum

383 788 541 868 ,ejusmodi
559 789 629 871 quid
646 791 710 861 sit,
735 790 797 846 sine
813 807 873 867 quo
893 788 1002 868 aliquid
1020 789 1082 849 effi·

397 873 424 930 ci
441 891 502 929 non
517 872 610 949 possit
621 911 635 941 .,
653 888 691 926 an
706 863 876 944 ejusmodi,
899 888 960 949 quo
977 868 1081 950 aliquid

397 947 477 1011 effici
501 946 613 1009 necesse
633 949 679 1007 sit.
703 945 791 1005 Nulla
816 948 901 1027 igitur
924 967 1025 1007 earum
1044 947 1082 1009 est

398 1028 482 1088 causa
508 1072 518 1101 ,
547 1029 686 1115 quoniam
705 1027 788 1086 nulla
806 1045 873 1085 eam
897 1046 964 1088 rem
983 1026 1033 1086 sui
1053 1030 1082 1089 vi

398 1107 511 1179 efficit,
527 1127 608 1184 cujus
625 1106 729 1165 dicitur
743 1103 825 1164 causa
845 1125 854 1163 t
873 1124 931 1167 uec
946 1106 1002 1180 id,
1023 1109 1081 1169 siue

400 1208 461 1268 quo
474 1185 623 1266 quidpiam
637 1207 700 1245 non
716 1183 751 1244 fir
760 1224 772 1256 ‚
782 1182 867 1245 causa
878 1184 923 1246 est
939 1205 950 1258 ;
966 1185 1018 1246 sed
1032 1188 1081 1263 id,

399 1266 482 1348 quod
498 1286 588 1346 quum
603 1266 743 1339 accessit,
760 1265 791 1324 id
804 1263 1012 1340 ‚nujus-caus·
1025 1264 1081 1340 est,

401 1345 490 1408 efficit
508 1345 665 1406 necessario
681 1346 839 1405 :nundum
849 1347 937 1406 'enirn
954 1347 1080 1407 ulcerato

401 1425 541 1507 serpentis
558 1425 654 1486 morsu
668 1423 853 1496 Philotimi,
869 1445 935 1506 qun
955 1425 1037 1486 causa
1053 1428 1081 1486 in

401 1526 499 1575 rerum
519 1523 620 1565 natura
640 1506 870 1578 continebatur,
891 1504 984 1580 fore,
1007 1523 1038 1566 ut
1060 1509 1081 1565 is

402 1586 433 1645 in
448 1584 536 1644 insula
548 1585 664 1644 Lemno
684 1586 861 1664 linqueretur
876 1582 888 1642 ἓ
903 1582 970 1665 posi
987 1604 1082 1646 aurern

403 1663 484 1724 causa
499 1663 551 1722 suit
563 1667 707 1743 propior,
726 1665 759 1725 &
770 1684 839 1724 curu
853 1665 933 1724 exitu
949 1662 1081 1742 junsiior.

404 1742 1080 1887 su

405 1907 449 1964 tio
470 1924 478 1962 t
502 1903 695 1985 Relinqueeur
708 1907 743 1964 in
767 1904 856 1964 insuit
876 1901 1086 1980 Rhilosiotes3

408 2004 463 2045 nec
482 1984 540 2044 hoc
558 2004 598 2045 err
614 1997 691 2045 breru
706 1987 742 2043 in
755 1982 860 2044 salsum
881 2001 1000 2064 poterat
1017 2006 1086 2045 con·

407 2066 505 2125 verti:
527 2061 641 2124 necesse
660 2062 701 2123 est
721 2066 850 2125 enimin
871 2064 958 2124 rebus
975 2082 1087 2125 contra-
1124 2080 1129 2091 ⁴

408 2147 455 2204 riis
472 2144 580 2204 duabus
595 2143 764 2225 (contraria
783 2161 881 2203 autern
899 2142 1035 2204 hocloco
1054 2165 1086 2205 ea

409 2225 475 2283 dico
488 2269 497 2297 ,
509 2221 633 2304 quorum
655 2225 778 2285 alterum
794 2225 838 2282 ¹uit
858 2223 952 2303 quid,
969 2226 1086 2285 alterum

408 2302 521 2383 negat)
538 2324 574 2362 ex
595 2306 639 2361 bis
658 2306 745 2383 igitur
764 2298 878 2363 necesse
904 2301 945 2362 est
962 2337 976 2377 ·,
998 2307 1087 2363 invito

408 2381 687 2463 Epicuro,alterum
701 2379 872 2442 verumeffi
881 2425 891 2454 ,
900 2384 1020 2444 alteium
1033 2383 1088 2442 fal-

409 2462 468 2523 sum
479 2485 486 2521 r
497 2479 549 2535 ur,
563 2460 741 2522 Sauciabitur
756 2461 945 2537 Philotimus,
958 2464 1087 2523 omnibus

408 2544 477 2602 anri
495 2542 592 2602 seculis
605 2558 711 2603 verum
726 2542 803 2601 suits
818 2542 888 2603 Non
903 2543 1087 2617 sauciabitur,

409 2621 519 2682 srlsurn.
544 2622 607 2684 Nisi
627 2623 703 2683 sorte
723 2624 859 2682 volumus
881 2621 1088 2703 Epicureorum

410 2706 580 2784 opinionem
598 2703 702 2783 sequi,
740 2704 768 2760 ui
785 2702 857 2761 tales
879 2706 1089 2764 enuntiationes

411 2804 467 2843 nec
486 2804 569 2843 veras
586 2826 595 2854 ,
611 2802 668 2842 nec
688 2724 769 2841 rastas
794 2781 851 2842 esse
874 2781 976 2843 dicunt
994 2802 1004 2856 3
1021 2801 1089 2856 aut,

412 2885 501 2943 quum
514 2864 543 2920 id
559 2860 669 2941 pudet,
681 2863 751 2921 illud
767 2879 863 2921 tamen
880 2862 1000 2938 dicunt,
1012 2862 1090 2944 quod

413 2941 454 3002 est
472 2941 665 3080 imguden'rius
680 2985 690 3012 ‚
704 2952 792 3002 'veras
809 2939 866 3003 effe
885 2962 923 3001 tx
942 2947 1091 3004 oontreriit

413 3019 508 3096 disjun
535 3023 616 3081 iones
634 3040 645 3093 ;
671 3018 721 3080 sed
741 3043 805 3103 quae
826 3024 855 3080 in
877 3021 921 3081 his
944 3027 1092 3087 enuntiem

327 3160 329 3165 ,
413 3098 520 3175 essent,
537 3120 640 3163 eorum
654 3118 790 3165 neutrum
805 3099 864 3165 esse
879 3121 997 3171 vetum·
