2709 4017
407 483 488 581 506
534 482 600 554 Dr
634 495 969 565 mmmm,
991 500 1008 563 ς,

410 601 484 681 Quo
502 600 595 662 modo
615 596 699 679 igitur
718 593 779 655 hac
799 591 1109 740 infinita1&-sempet

409 702 509 754 nova,
522 698 571 740 aut
584 676 804 739 memoriarum
826 674 915 750 lasti,
926 692 982 737 aut
1004 681 1048 740 ob
1061 702 1107 741 era

410 762 508 833 vando
524 778 625 820 notare
645 753 790 837 possumus
802 696 994 852 sAslrologi
1006 777 1107 821 motus

410 842 566 901 errantium
584 837 727 899 stellarum
746 851 945 896 notaverunt:
965 858 1106 907 inventur¹

410 919 452 1003 est
473 923 551 981 enim
570 917 644 978 ordo
662 919 692 974 in
707 917 738 973 iis
752 913 839 974 stellis
856 959 867 991 ,
886 917 939 996 qui
963 937 1030 978 non
1047 941 1104 1001 pu·

410 1001 535 1061 tabatur.
554 996 641 1057 Cedo
658 995 776 1054 tandem
791 996 841 1076 qui
862 996 899 1055 sit
922 997 1032 1073 ordo,
1055 1013 1103 1060 atrt

411 1102 475 1162 quae
492 1075 668 1138 concursatio
689 1072 898 1135 somniorum?
922 1097 986 1156 quo
1008 1080 1101 1139 modo

411 1176 509 1233 autem
530 1155 661 1238 distingui
683 1151 877 1235 polluntvera
888 1153 1032 1223 ,somniaa
1050 1158 1099 1219 sal·

413 1240 472 1313 sis,
490 1259 579 1318 quum
598 1236 702 1296 eadem
724 1235 756 1295 &
775 1235 835 1294 aliia
850 1234 936 1295 aliter
950 1239 1098 1312 evadant,

413 1319 448 1380 ἃ
467 1318 566 1379 iisdem
588 1337 648 1380 non
664 1316 777 1395 semper
800 1314 911 1377 eodem
930 1318 1049 1378 modo?
1068 1333 1098 1379 ua

413 1399 485 1460 mihi
501 1400 605 1459 mirum
616 1397 767 1468 videatur,
789 1416 878 1476 quum
889 1397 1028 1458 mendaci
1044 1399 1097 1458 ho·

414 1480 506 1551 mini,
527 1498 565 1540 ne
585 1498 687 1538 verum
708 1475 825 1556 quidem
848 1473 958 1537 dicenti
982 1478 1097 1540 credere

415 1556 578 1629 soleamus,
590 1578 649 1638 qno
667 1555 758 1616 modo
778 1544 842 1629 isli,
853 1557 878 1615 si
889 1554 1036 1620 somnium
1048 1577 1097 1619 ve·

415 1658 480 1696 rum
498 1639 590 1697 evasit
604 1635 744 1717 aliquod,
760 1656 821 1696 oon
836 1655 873 1697 ex
889 1637 989 1697 multis
1008 1639 1095 1719 potiit

415 1718 467 1779 uni
476 1712 566 1777 fidem
576 1716 720 1799 derogant
730 1760 740 1789 ,
751 1714 838 1798 quam
851 1735 886 1776 ex
895 1736 958 1777 uno
970 1720 1095 1779 innume·

416 1796 517 1858 rabilia
532 1793 714 1858 confirmant.
1032 1862 1039 1871 ,

464 1895 531 1954 ¹47·
541 1876 662 1959 Siigitur
670 1894 764 1956 neque
775 1873 846 1936 deus
853 1873 895 1937 est
903 1873 1098 1938 effetlorsona

419 1956 557 2030 niorum,
578 1977 674 2038 neque
695 1972 801 2016 naturae
819 1955 942 2018 societas
960 1958 1018 2018 ulla
1037 1977 1097 2019 cum

419 2036 559 2109 somniis,
576 2056 670 2118 neque
684 2035 888 2098 observatione
906 2038 1030 2098 inveniri
1047 2060 1100 2119 po·

420 2118 476 2177 tuit
494 2116 630 2190 scientia,
649 2113 782 2177 effaetum
800 2114 861 2190 est,
880 2135 911 2177 ut
931 2117 998 2179 nihil
1035 2139 1100 2178 ror·

421 2195 467 2258 sus
493 2197 608 2258 somniis
638 2196 822 2257 tribuendum
852 2198 889 2257 sit
910 2216 918 2257 a
948 2140 1099 2279 prasertim

422 2296 511 2355 quum
532 2279 571 2337 illi
592 2279 667 2356 ipsi,
683 2280 730 2355 qui
753 2296 788 2336 ea
800 2275 924 2350 vident,
942 2276 1010 2338 nihil
1029 2277 1100 2337 ‹livi-

420 2371 518 2425 nent3
539 2358 558 2414 ii
578 2358 626 2435 qui
645 2359 886 2435 interpretantur,
907 2356 1097 2436 conjeeluran

421 2434 599 2507 adhibeant,
617 2456 678 2494 non
695 2454 823 2495 naturam
836 2435 936 2507 3easus
951 2455 1045 2498 autern
1056 2439 1098 2497 ine

421 2516 645 2576 numerabilibus
655 2537 731 2596 pene
743 2514 841 2576 seculis
854 2518 882 2574 in
895 2519 1032 2578 omnibus
1041 2516 1099 2597 plu·

395 2631 397 2634 >
421 2615 454 2659 ta
465 2598 604 2656 mirabilia
613 2641 622 2670 ,
631 2597 717 2678 quarn
729 2599 758 2655 in
769 2595 948 2657 somniorum
958 2599 1026 2658 visis
1035 2593 1099 2658 effe·

422 2677 496 2735 terit
505 2694 515 2745 ;
525 2697 619 2756 neque
633 2675 814 2754 conjeClura,
824 2696 888 2756 quae
900 2679 930 2735 in
938 2680 1033 2738 varias
1041 2697 1099 2758 par·

423 2769 470 2817 tes
493 2754 559 2813 duci
581 2760 672 2835 possit
690 2803 700 2832 ,
722 2776 943 2836 nonnumquam
965 2756 1099 2819 etiamst

424 2838 600 2908 contrarias,
634 2836 769 2916 uidquanr
785 2839 821 2897 sit
837 2837 987 2898 incertius.

466 2913 589 2976 LXXII.
610 2859 788 2994 Explodatur
805 2916 866 2977 haec
889 2938 1011 3000 quoque
1027 2916 1100 2979 sont⁴

422 2995 538 3059 niorurn
548 2995 686 3059 divinatio
696 2999 803 3079 pariter
811 3018 879 3060 curn
887 3002 1100 3072 ceterisznam.
