2709 4017
421 506 827 579 muraenarum
884 533 955 608 193

274 636 347 679 turae
371 620 599 681 demonstrantur
624 623 756 683 deorum.
777 621 883 681 Utrum
903 625 961 704 igi-

276 717 322 758 tur
334 701 379 758 hic
398 697 576 761 confirmasse
588 702 639 762 reli
661 705 758 761 ionem
770 701 882 760 videtur
894 747 903 774 ,
921 724 958 762 an

276 782 390 859 penitus
416 798 507 839 totam
531 723 690 841 sustulilie?
711 780 828 841 Omitto
847 779 959 843 Eleusi-

277 879 346 918 nem
362 858 484 919 sanctam
499 861 577 920 illam
596 863 628 922 &
642 860 810 943 augustam,

278 991 328 1040 Ubi
337 992 462 1042 initiantur
469 1007 551 1060 gentes
561 1010 652 1042 orarum
663 993 759 1041 ulrimae.

276 1095 423 1160 Praetereo
442 1097 881 1186 Samothraciam,eaque‚quae

277 1219 363 1270 Lemni
381 1221 490 1270 noffurno
506 1224 571 1273 aditu
585 1226 678 1274 occulta
694 1226 803 1276 coluntur

277 1312 430 1375 Siiveflribus
446 1311 539 1381 sepibus
555 1313 635 1382 densa.

277 1420 396 1500 Quibus
413 1423 559 1503 explicatis
571 1423 608 1483 ad
625 1426 826 1505 rationemque
842 1444 962 1485 revoca·

276 1505 330 1574 tis,
346 1523 441 1563 rerum
456 1506 545 1586 magis
559 1521 658 1564 natura
666 1506 862 1587 cognoscitur,
873 1505 961 1586 quim

277 1581 411 1642 deorum.

320 1660 454 1723 XLllI.
482 1662 556 1723 Mihi
579 1662 697 1744 quidem
724 1666 811 1743 eriam
836 1661 959 1725 Demo·

278 1741 365 1800 tritus
379 1784 387 1812 ,
405 1747 449 1801 vir
461 1763 581 1823 magnus
599 1747 627 1801 in
641 1744 739 1822 primis
755 1788 765 1816 ,
779 1740 858 1820 cujus
869 1742 960 1802 fonti-

277 1821 332 1881 bus
355 1820 492 1901 Epicurus
508 1822 639 1882 hortulos
655 1822 720 1880 suos
737 1824 783 1880 irri
805 1825 885 1892 avit,
905 1844 960 1881 nu·

277 1917 341 1961 tare
352 1902 466 1962 videtur
481 1905 510 1961 in
523 1918 623 1960 natura
639 1899 771 1959 deorum.
819 1922 868 1958 um
881 1903 959 1960 enim

278 1979 376 2041 censet
399 1982 538 2062 imagines
555 1980 704 2040 divinitate
722 1980 853 2058 praeditas
871 1978 959 2042 ineffe

278 2063 454 2121 universitati
471 2080 588 2132 rerum;
606 2077 667 2119 tum
683 2062 826 2139 principia,
836 2061 961 2134 mentis,

278 2161 345 2220 quae
365 2140 427 2201 sunt
449 2144 478 2200 in
499 2140 606 2201 eodem
625 2138 784 2212 universo,
806 2140 886 2203 deos
901 2137 959 2201 esse

279 2222 367 2293 dicit3
386 2239 448 2280 tum
466 2223 623 2280 animantes
643 2221 808 2299 imagines,
826 2241 889 2300 quae
907 2220 959 2281 vel

279 2299 413 2380 prodeffe
432 2302 514 2361 nobis
531 2299 649 2372 solent,
670 2300 720 2359 vel
738 2320 843 2360 nocere
863 2319 873 2372 3
896 2316 959 2360 tum

279 2382 413 2461 ingentes
437 2379 571 2461 quasdam
594 2381 758 2459 imagines,
785 2379 960 2460 tantasque,

280 2479 313 2519 ut
331 2459 493 2521 universum
508 2458 647 2517 mundum
663 2459 889 2536 compleciantur
908 2479 959 2519 ex-

279 2539 425 2600 trinsecus.
445 2539 522 2619 Quae
538 2538 655 2618 quidem
674 2541 770 2596 omnia
787 2537 848 2596 sunt
868 2539 960 2617 patrii

280 2618 477 2692 Democriti,
501 2619 586 2698 quiam
615 2616 789 2679 Democrito
821 2618 961 2698 digniora.

281 2698 360 2775 Quis
376 2700 452 2758 enim
470 2697 534 2757 istas
549 2700 689 2778 imagines
711 2698 959 2778 comprehendere

280 2780 380 2838 animo
399 2776 513 2856 potest?
531 2781 593 2858 quis
605 2777 756 2837 admirari?
767 2779 828 2857 quis
839 2795 886 2836 aut
899 2774 962 2834 cul·

281 2875 336 2926 tu,
355 2874 402 2914 aur
420 2857 559 2938 religione
577 2857 674 2938 dignas
691 2855 837 2934 judicare?

327 2953 393 2993 ιιι.
412 2934 548 3015 Epicurus
561 2941 632 3001 verb
651 2958 688 2999 ex
700 2932 961 2999 animishominum

335 3019 437 3080 Tomus
455 3018 511 3080 [X.
829 3012 844 3072 1
