2709 4017
356 521 358 527 -
385 482 465 569 '302
502 473 569 540 Dr
592 483 765 538 unwan
791 483 1001 553 nnonurc,

381 588 412 649 in
435 587 556 646 formica
574 605 635 646 non
661 581 755 642 modo
771 580 888 656 seusus,
914 582 966 644 sed
987 585 1080 647 etiam

381 689 485 739 mens,
503 670 597 739 ratio,
613 662 779 725 memoria?
798 662 910 724 Videre
927 685 1055 746 oportet
1067 710 1082 741 ,

382 746 493 821 Balbe,
510 747 582 827 quid
605 747 657 806 tibi
674 743 850 804 concedatur
860 765 871 817 ;
893 765 957 806 non
978 763 1010 808 te
1027 749 1078 828 ip·

383 827 466 898 sum,
505 828 565 887 uod
585 828 679 898 velis,
693 824 816 884 sumere.
1055 834 1078 863 ‘·

425 928 472 966 22.
485 849 580 967 istum
602 911 680 966 enim
708 907 805 964 locum
831 919 928 965 totum
948 904 1001 966 illn'
1020 926 1079 969 ve·

382 1004 428 1049 tus
450 988 577 1048 Zenonis
598 989 717 1060 brevis,
744 985 795 1056 ἃ,
815 1002 847 1043 ut
871 986 923 1044 tibi
951 987 1079 1049 videbaq

381 1083 449 1141 tur,
469 1088 552 1128 acuta
569 1068 718 1129 conclusio
740 1065 881 1125 dilatavit.
899 1065 985 1126 Zeno
998 1071 1080 1128 eninr

380 1150 422 1208 ita
435 1149 603 1209 concludit:
625 1149 710 1230 Quod
731 1148 835 1206 racione
850 1146 956 1221 utitur,
975 1150 1078 1209 melius

382 1233 435 1311 est,
451 1233 532 1308 qua'm
544 1232 596 1300 id,
610 1231 798 1309 quadrariam
813 1249 868 1285 non
881 1230 992 1287 utitur:
1005 1229 1082 1290 nihil

383 1331 472 1371 autem
488 1314 588 1370 mundo
598 1312 717 1369 melius:
735 1310 840 1366 racione
859 1309 942 1388 igitur
956 1313 1079 1370 mundus

382 1394 477 1453 ruitur.
498 1392 567 1452 Hoc
592 1393 617 1451 si
639 1390 774 1471 placet,
802 1385 861 1462 iam
885 1386 1019 1463 efficies,
1045 1407 1079 1452 ur

382 1472 508 1532 mundus
536 1471 648 1550 ondrne
672 1471 777 1528 librum
799 1469 899 1549 legere
917 1469 1077 1542 videaturz

383 1552 511 1613 Zenonis
524 1555 603 1612 enim
615 1549 742 1630 vestigiis
751 1551 808 1608 hoc
820 1549 912 1609 modo
927 1553 1077 1612 rationem
1091 1578 1097 1587 ·

380 1634 491 1725 poteris
510 1632 698 1691 concludere.
722 1629 814 1708 Quod
833 1630 993 1691 litteratum
1015 1633 1077 1706 eil,

380 1712 412 1771 id
430 1711 471 1772 est
495 1711 618 1784 melius,
637 1709 725 1791 quim
743 1710 825 1791 quod
849 1730 910 1770 non
930 1711 972 1771 eli
997 1711 1078 1772 litte·

382 1809 496 1852 ratum:
516 1791 586 1852 nihil
604 1809 702 1852 autem
719 1790 830 1851 mundo
848 1792 972 1851 melius:
991 1791 1077 1854 linea

383 1892 460 1934 ratus
480 1874 566 1955 igitur
583 1871 624 1933 ell
636 1871 779 1932 mundus.
796 1869 853 1930 lsto
872 1872 965 1932 modo
986 1876 1078 1935 etim

381 1953 522 2027 disertusc
543 1954 712 2036 &quidem
733 1953 978 2026 mathematicus,
1007 1975 1077 2016 mna

383 2038 457 2097 sicus
476 2081 486 2108 ‚
504 2037 590 2094 :omni
613 2035 738 2113 denique
765 2031 894 2093 dodrind
923 2033 1078 2110 eruditus,

381 2116 530 2196 postremo
552 2114 742 2194 philosophus
762 2115 815 2174 erit
832 2113 968 2174 mundns.
988 2113 1076 2196 Saepe

383 2197 471 2268 dixti,
489 2197 559 2255 nihil
575 2194 643 2254 fieri*
652 2198 714 2255 sine
732 2194 814 2264 deo,
834 2213 890 2254 nec
908 2195 998 2254 ullam
1011 2201 1077 2257 vim

372 2275 439 2336 effe
456 2293 583 2346 naturae,
597 2292 629 2332 ut
647 2272 688 2333 sui
707 2274 851 2333 dissimilia
869 2294 972 2354 posset
990 2275 1078 2338 effin-

379 2375 459 2438 gere.
480 2353 652 2414 Concedam
666 2357 753 2435 igitur
768 2376 828 2414 non
839 2354 1076 2418 modoanitnan·

380 2452 441 2496 tem
460 2436 492 2495 &
510 2433 670 2515 sapientem
685 2433 743 2495 elle
763 2436 924 2510 mundum,
940 2435 993 2497 sed
1005 2437 1077 2499 fidi-

380 2517 475 2577 cinem
492 2518 582 2576 etiam
606 2517 638 2576 &
662 2517 830 2589 tibicinem,
858 2519 999 2597 quoniam
1023 2539 1077 2581 ea·

381 2617 448 2658 rum
464 2619 583 2680 quoque
601 2599 705 2658 artium
733 2599 868 2658 homines
886 2617 924 2658 ex
943 2617 984 2660 eo
1001 2621 1080 2681 pro*

386 2697 529 2739 creantur.
1073 2704 1077 2711 ·

423 2778 474 2839 23.
492 2757 572 2819 Nilril
587 2758 674 2838 igitur
689 2756 772 2819 affert
788 2775 871 2839 pater
884 2757 935 2820 iste
954 2754 1078 2823 Stoico·

381 2860 444 2900 rum
455 2888 465 2914 ‚
485 2858 574 2922 quare
592 2839 734 2898 mundum
745 2842 858 2898 ratione
869 2843 908 2899 uti
918 2859 1056 2920 putemus
1066 2865 1081 2919 ς

381 2940 437 2982 nec
453 2942 502 2983 cur
523 2921 700 2980 animantem
717 2920 836 3000 quidem
856 2920 925 2981 esse.
944 2921 1017 2984 Non
1034 2922 1078 2984 est

382 3001 468 3082 igittn
483 3000 608 3063 mundus
624 2999 714 3061 deus:
735 3000 769 3063 u
779 3017 878 3062 tamen
890 3003 962 3064 nihil
975 3006 1019 3068 ell
1035 3025 1079 3067 eo
