<?xml version="1.0" encoding="UTF-8"?>
<!DOCTYPE html PUBLIC "-//W3C//DTD XHTML 1.0 Transitional//EN"
    "http://www.w3.org/TR/xhtml1/DTD/xhtml1-transitional.dtd">
<html xmlns="http://www.w3.org/1999/xhtml" xml:lang="en" lang="en">
 <head>
  <title>
</title>
<meta http-equiv="Content-Type" content="text/html;charset=utf-8" />
  <meta name='ocr-system' content='tesseract 3.04.00' />
  <meta name='ocr-capabilities' content='ocr_page ocr_carea ocr_par ocr_line ocrx_word'/>
</head>
<body>
  <div class='ocr_page' id='page_1' title='image "./mtulliiciceroni10lallgoog/mtulliiciceroni10lallgoog_0227.png"; bbox 0 0 2709 4017; ppageno 0'>
   <div class='ocr_carea' id='block_1_1' title="bbox 418 553 997 623">
    <p class='ocr_par' dir='ltr' id='par_1_1' title="bbox 418 553 997 623">
     <span class='ocr_line' id='line_1_1' title="bbox 418 553 997 623; baseline 0.005 -3"><span class='ocrx_word' id='word_1_1' title='bbox 418 553 574 621; x_wconf 67' lang='grc' dir='ltr'>[ιω</span> <span class='ocrx_word' id='word_1_2' title='bbox 608 553 997 623; x_wconf 61' lang='grc' dir='ltr'>εεσυΝυυέ.ωι</span> 
     </span>
    </p>
   </div>
   <div class='ocr_carea' id='block_1_2' title="bbox 315 662 1050 1854">
    <p class='ocr_par' dir='ltr' id='par_1_2' title="bbox 315 662 1038 1527">
     <span class='ocr_line' id='line_1_2' title="bbox 319 662 1004 746; baseline -0.001 -21"><span class='ocrx_word' id='word_1_3' title='bbox 319 663 391 726; x_wconf 85' lang='lat' dir='ltr'>astra</span> <span class='ocrx_word' id='word_1_4' title='bbox 409 683 603 724; x_wconf 87' lang='lat' dir='ltr'>moveantur:</span> <span class='ocrx_word' id='word_1_5' title='bbox 623 685 686 744; x_wconf 90' lang='lat' dir='ltr'>quae</span> <span class='ocrx_word' id='word_1_6' title='bbox 700 666 778 724; x_wconf 90' lang='lat' dir='ltr'>enim</span> <span class='ocrx_word' id='word_1_7' title='bbox 792 662 888 746; x_wconf 90' lang='lat' dir='ltr'>potest</span> <span class='ocrx_word' id='word_1_8' title='bbox 908 663 1004 745; x_wconf 80' lang='lat' dir='ltr'>major</span> 
     </span>
     <span class='ocr_line' id='line_1_3' title="bbox 319 744 1004 827; baseline -0.004 -20"><span class='ocrx_word' id='word_1_9' title='bbox 319 745 377 807; x_wconf 86' lang='lat' dir='ltr'>effe</span> <span class='ocrx_word' id='word_1_10' title='bbox 393 745 404 803; x_wconf 77' lang='grc' dir='ltr'><strong><em>ἓ</em></strong></span> <span class='ocrx_word' id='word_1_11' title='bbox 422 744 507 805; x_wconf 88' lang='lat' dir='ltr'>restat</span> <span class='ocrx_word' id='word_1_12' title='bbox 526 748 632 827; x_wconf 85' lang='lat' dir='ltr'>igitur,</span> <span class='ocrx_word' id='word_1_13' title='bbox 649 761 680 803; x_wconf 90' lang='lat' dir='ltr'>ut</span> <span class='ocrx_word' id='word_1_14' title='bbox 694 761 790 804; x_wconf 88' lang='lat' dir='ltr'>motus</span> <span class='ocrx_word' id='word_1_15' title='bbox 810 745 948 805; x_wconf 84' lang='lat' dir='ltr'>astrorum</span> <span class='ocrx_word' id='word_1_16' title='bbox 968 747 1004 804; x_wconf 82' lang='lat' dir='ltr'>sit</span> 
     </span>
     <span class='ocr_line' id='line_1_4' title="bbox 317 825 1038 906; baseline -0.007 -18"><span class='ocrx_word' id='word_1_17' title='bbox 317 827 497 888; x_wconf 86' lang='lat' dir='ltr'>voluntarius</span> <span class='ocrx_word' id='word_1_18' title='bbox 518 845 526 884; x_wconf 81' lang='lat' dir='ltr'>t</span> <span class='ocrx_word' id='word_1_19' title='bbox 547 846 609 906; x_wconf 86' lang='lat' dir='ltr'>quae</span> <span class='ocrx_word' id='word_1_20' title='bbox 633 826 682 904; x_wconf 87' lang='lat' dir='ltr'>qui</span> <span class='ocrx_word' id='word_1_21' title='bbox 709 825 839 899; x_wconf 85' lang='lat' dir='ltr'>videat,</span> <span class='ocrx_word' id='word_1_22' title='bbox 867 847 928 883; x_wconf 92' lang='lat' dir='ltr'>non</span> <span class='ocrx_word' id='word_1_23' title='bbox 956 826 1004 884; x_wconf 70' lang='lat' dir='ltr'>in-</span> <span class='ocrx_word' id='word_1_24' title='bbox 1033 854 1038 862; x_wconf 91' lang='lat'><em>·</em></span> 
     </span>
     <span class='ocr_line' id='line_1_5' title="bbox 318 903 1002 984; baseline -0.003 -19"><span class='ocrx_word' id='word_1_25' title='bbox 318 907 403 967; x_wconf 67' lang='lat' dir='ltr'>dolie</span> <span class='ocrx_word' id='word_1_26' title='bbox 430 906 552 979; x_wconf 84' lang='lat' dir='ltr'>sollrm,</span> <span class='ocrx_word' id='word_1_27' title='bbox 580 908 684 965; x_wconf 85' lang='lat' dir='ltr'>verirm</span> <span class='ocrx_word' id='word_1_28' title='bbox 720 908 809 965; x_wconf 90' lang='lat' dir='ltr'>etiam</span> <span class='ocrx_word' id='word_1_29' title='bbox 839 906 927 984; x_wconf 65' lang='lat' dir='ltr'>impie</span> <span class='ocrx_word' id='word_1_30' title='bbox 955 903 1002 963; x_wconf 86' lang='lat' dir='ltr'>fa·</span> 
     </span>
     <span class='ocr_line' id='line_1_6' title="bbox 317 983 1003 1066; baseline -0.004 -20"><span class='ocrx_word' id='word_1_31' title='bbox 317 990 400 1061; x_wconf 86' lang='lat' dir='ltr'>ciat,</span> <span class='ocrx_word' id='word_1_32' title='bbox 425 989 449 1046; x_wconf 89' lang='lat' dir='ltr'>si</span> <span class='ocrx_word' id='word_1_33' title='bbox 467 986 539 1051; x_wconf 87' lang='lat' dir='ltr'>deos</span> <span class='ocrx_word' id='word_1_34' title='bbox 557 984 615 1046; x_wconf 79' lang='lat' dir='ltr'>elie</span> <span class='ocrx_word' id='word_1_35' title='bbox 635 1002 734 1066; x_wconf 83' lang='lat' dir='ltr'>neget.</span> <span class='ocrx_word' id='word_1_36' title='bbox 758 984 823 1044; x_wconf 89' lang='lat' dir='ltr'>Nec</span> <span class='ocrx_word' id='word_1_37' title='bbox 841 985 907 1044; x_wconf 76' lang='lat' dir='ltr'>sane</span> <span class='ocrx_word' id='word_1_38' title='bbox 925 983 1003 1044; x_wconf 89' lang='lat' dir='ltr'>mul·</span> 
     </span>
     <span class='ocr_line' id='line_1_7' title="bbox 317 1065 1003 1146; baseline -0.003 -19"><span class='ocrx_word' id='word_1_39' title='bbox 317 1085 381 1127; x_wconf 88' lang='lat' dir='ltr'>tum</span> <span class='ocrx_word' id='word_1_40' title='bbox 405 1065 550 1140; x_wconf 87' lang='lat' dir='ltr'>interest,</span> <span class='ocrx_word' id='word_1_41' title='bbox 577 1068 674 1124; x_wconf 76' lang='lat' dir='ltr'>utrum</span> <span class='ocrx_word' id='word_1_42' title='bbox 691 1066 721 1124; x_wconf 90' lang='lat' dir='ltr'>id</span> <span class='ocrx_word' id='word_1_43' title='bbox 747 1082 864 1146; x_wconf 82' lang='lat' dir='ltr'>neget,</span> <span class='ocrx_word' id='word_1_44' title='bbox 887 1087 930 1123; x_wconf 69' lang='lat' dir='ltr'>an⁴</span> <span class='ocrx_word' id='word_1_45' title='bbox 945 1081 1003 1125; x_wconf 70' lang='lat' dir='ltr'>&#39;eor</span> 
     </span>
     <span class='ocr_line' id='line_1_8' title="bbox 317 1145 1001 1226; baseline -0.004 -20"><span class='ocrx_word' id='word_1_46' title='bbox 317 1150 400 1206; x_wconf 92' lang='lat' dir='ltr'>omni</span> <span class='ocrx_word' id='word_1_47' title='bbox 420 1147 622 1226; x_wconf 84' lang='lat' dir='ltr'>procuratione</span> <span class='ocrx_word' id='word_1_48' title='bbox 644 1163 731 1226; x_wconf 89' lang='lat' dir='ltr'>atque</span> <span class='ocrx_word' id='word_1_49' title='bbox 751 1145 864 1221; x_wconf 64' lang='lat' dir='ltr'>actione</span> <span class='ocrx_word' id='word_1_50' title='bbox 886 1147 1001 1224; x_wconf 85' lang='lat' dir='ltr'>privet:</span> 
     </span>
     <span class='ocr_line' id='line_1_9' title="bbox 315 1224 1001 1307; baseline -0.004 -21"><span class='ocrx_word' id='word_1_51' title='bbox 315 1229 390 1301; x_wconf 77' lang='lat' dir='ltr'>¹rnihi</span> <span class='ocrx_word' id='word_1_52' title='bbox 413 1228 511 1298; x_wconf 87' lang='lat' dir='ltr'>enim,</span> <span class='ocrx_word' id='word_1_53' title='bbox 556 1229 583 1284; x_wconf 91' lang='lat' dir='ltr'>ui</span> <span class='ocrx_word' id='word_1_54' title='bbox 601 1226 669 1285; x_wconf 83' lang='lat' dir='ltr'>nihil</span> <span class='ocrx_word' id='word_1_55' title='bbox 693 1228 775 1307; x_wconf 87' lang='lat' dir='ltr'>agit,</span> <span class='ocrx_word' id='word_1_56' title='bbox 796 1224 852 1286; x_wconf 86' lang='lat' dir='ltr'>effe</span> <span class='ocrx_word' id='word_1_57' title='bbox 880 1227 1001 1284; x_wconf 91' lang='lat' dir='ltr'>omnino</span> 
     </span>
     <span class='ocr_line' id='line_1_10' title="bbox 319 1247 1003 1386; baseline -0.004 -21"><span class='ocrx_word' id='word_1_58' title='bbox 319 1329 381 1366; x_wconf 91' lang='lat' dir='ltr'>non</span> <span class='ocrx_word' id='word_1_59' title='bbox 398 1306 521 1366; x_wconf 87' lang='lat' dir='ltr'>videtur.</span> <span class='ocrx_word' id='word_1_60' title='bbox 535 1247 609 1364; x_wconf 73' lang='lat' dir='ltr'>liffe</span> <span class='ocrx_word' id='word_1_61' title='bbox 632 1307 719 1386; x_wconf 84' lang='lat' dir='ltr'>igitur</span> <span class='ocrx_word' id='word_1_62' title='bbox 738 1306 810 1366; x_wconf 85' lang='lat' dir='ltr'>deos</span> <span class='ocrx_word' id='word_1_63' title='bbox 830 1308 868 1365; x_wconf 89' lang='lat' dir='ltr'>ita</span> <span class='ocrx_word' id='word_1_64' title='bbox 890 1305 1003 1386; x_wconf 82' lang='lat' dir='ltr'>perspi·</span> 
     </span>
     <span class='ocr_line' id='line_1_11' title="bbox 319 1383 1001 1466; baseline -0.001 -21"><span class='ocrx_word' id='word_1_65' title='bbox 319 1407 405 1445; x_wconf 89' lang='lat' dir='ltr'>cuum</span> <span class='ocrx_word' id='word_1_66' title='bbox 425 1383 465 1445; x_wconf 88' lang='lat' dir='ltr'>est</span> <span class='ocrx_word' id='word_1_67' title='bbox 475 1431 485 1460; x_wconf 92' lang='lat'>‚</span> <span class='ocrx_word' id='word_1_68' title='bbox 497 1402 546 1458; x_wconf 90' lang='lat' dir='ltr'>ut,</span> <span class='ocrx_word' id='word_1_69' title='bbox 561 1385 591 1445; x_wconf 89' lang='lat' dir='ltr'>id</span> <span class='ocrx_word' id='word_1_70' title='bbox 606 1389 655 1466; x_wconf 92' lang='lat' dir='ltr'>qui</span> <span class='ocrx_word' id='word_1_71' title='bbox 667 1402 774 1466; x_wconf 89' lang='lat' dir='ltr'>neget,</span> <span class='ocrx_word' id='word_1_72' title='bbox 786 1389 835 1446; x_wconf 87' lang='lat' dir='ltr'>vix</span> <span class='ocrx_word' id='word_1_73' title='bbox 847 1407 914 1445; x_wconf 90' lang='lat' dir='ltr'>eum</span> <span class='ocrx_word' id='word_1_74' title='bbox 928 1384 1001 1444; x_wconf 82' lang='lat' dir='ltr'>sanae</span> 
     </span>
     <span class='ocr_line' id='line_1_12' title="bbox 318 1464 997 1527; baseline -0.004 -1"><span class='ocrx_word' id='word_1_75' title='bbox 318 1469 425 1526; x_wconf 88' lang='lat' dir='ltr'>mentis</span> <span class='ocrx_word' id='word_1_76' title='bbox 442 1464 611 1527; x_wconf 81' lang='lat' dir='ltr'>existiment.</span> <span class='ocrx_word' id='word_1_77' title='bbox 991 1504 997 1516; x_wconf 73' lang='lat'>‚</span> 
     </span>
    </p>

    <p class='ocr_par' dir='ltr' id='par_1_3' title="bbox 316 1544 1050 1854">
     <span class='ocr_line' id='line_1_13' title="bbox 358 1544 1001 1626; baseline -0.005 -20"><span class='ocrx_word' id='word_1_78' title='bbox 358 1544 474 1606; x_wconf 88' lang='lat' dir='ltr'><strong>XVII.</strong></span> <span class='ocrx_word' id='word_1_79' title='bbox 498 1545 613 1620; x_wconf 85' lang='lat' dir='ltr'>Restat,</span> <span class='ocrx_word' id='word_1_80' title='bbox 629 1562 680 1620; x_wconf 83' lang='lat' dir='ltr'>ut,</span> <span class='ocrx_word' id='word_1_81' title='bbox 695 1547 784 1626; x_wconf 89' lang='lat' dir='ltr'>qualis</span> <span class='ocrx_word' id='word_1_82' title='bbox 800 1567 902 1607; x_wconf 89' lang='lat' dir='ltr'>eorum</span> <span class='ocrx_word' id='word_1_83' title='bbox 914 1563 1001 1606; x_wconf 78' lang='lat' dir='ltr'>natu·</span> 
     </span>
     <span class='ocr_line' id='line_1_14' title="bbox 316 1625 1050 1708; baseline -0.001 -22"><span class='ocrx_word' id='word_1_84' title='bbox 316 1648 349 1686; x_wconf 89' lang='lat' dir='ltr'>ra</span> <span class='ocrx_word' id='word_1_85' title='bbox 366 1629 421 1700; x_wconf 87' lang='lat' dir='ltr'>sit,</span> <span class='ocrx_word' id='word_1_86' title='bbox 441 1627 673 1687; x_wconf 85' lang='lat' dir='ltr'>consideremus:</span> <span class='ocrx_word' id='word_1_87' title='bbox 695 1629 724 1686; x_wconf 92' lang='lat' dir='ltr'>in</span> <span class='ocrx_word' id='word_1_88' title='bbox 738 1648 796 1708; x_wconf 92' lang='lat' dir='ltr'>quo</span> <span class='ocrx_word' id='word_1_89' title='bbox 807 1628 876 1686; x_wconf 91' lang='lat' dir='ltr'>nihil</span> <span class='ocrx_word' id='word_1_90' title='bbox 890 1626 930 1687; x_wconf 92' lang='lat' dir='ltr'>est</span> <span class='ocrx_word' id='word_1_91' title='bbox 944 1625 1001 1686; x_wconf 82' lang='lat' dir='ltr'>dif·</span> <span class='ocrx_word' id='word_1_92' title='bbox 1046 1631 1050 1638; x_wconf 78' lang='grc'><strong>’</strong></span> 
     </span>
     <span class='ocr_line' id='line_1_15' title="bbox 317 1705 1000 1787; baseline 0.001 -21"><span class='ocrx_word' id='word_1_93' title='bbox 317 1706 440 1779; x_wconf 85' lang='lat' dir='ltr'>ficilins,</span> <span class='ocrx_word' id='word_1_94' title='bbox 463 1707 550 1787; x_wconf 72' lang='lat' dir='ltr'>qulam</span> <span class='ocrx_word' id='word_1_95' title='bbox 576 1729 593 1767; x_wconf 92' lang='lat' dir='ltr'>a</span> <span class='ocrx_word' id='word_1_96' title='bbox 615 1705 822 1768; x_wconf 87' lang='lat' dir='ltr'>consuetudine</span> <span class='ocrx_word' id='word_1_97' title='bbox 849 1707 1000 1767; x_wconf 85' lang='lat' dir='ltr'>oculorum</span> 
     </span>
     <span class='ocr_line' id='line_1_16' title="bbox 317 1785 1002 1854; baseline 0 -8"><span class='ocrx_word' id='word_1_98' title='bbox 317 1789 408 1854; x_wconf 76' lang='lat' dir='ltr'>aciem</span> <span class='ocrx_word' id='word_1_99' title='bbox 421 1790 526 1847; x_wconf 87' lang='lat' dir='ltr'>mentis</span> <span class='ocrx_word' id='word_1_100' title='bbox 545 1787 703 1848; x_wconf 88' lang='lat' dir='ltr'>abducere.</span> <span class='ocrx_word' id='word_1_101' title='bbox 726 1786 768 1845; x_wconf 85' lang='lat' dir='ltr'>Ea</span> <span class='ocrx_word' id='word_1_102' title='bbox 785 1785 933 1845; x_wconf 85' lang='lat' dir='ltr'>difficultas</span> <span class='ocrx_word' id='word_1_103' title='bbox 954 1791 1002 1846; x_wconf 92' lang='lat' dir='ltr'>in-</span> 
     </span>
    </p>
   </div>
   <div class='ocr_carea' id='block_1_3' title="bbox 315 1866 1001 2086">
    <p class='ocr_par' dir='ltr' id='par_1_4' title="bbox 315 1866 1001 2086">
     <span class='ocr_line' id='line_1_17' title="bbox 318 1866 1001 1948; baseline 0.001 -22"><span class='ocrx_word' id='word_1_104' title='bbox 318 1867 426 1939; x_wconf 84' lang='lat' dir='ltr'>duxit,</span> <span class='ocrx_word' id='word_1_105' title='bbox 455 1867 488 1928; x_wconf 88' lang='lat'>&amp;</span> <span class='ocrx_word' id='word_1_106' title='bbox 513 1868 604 1948; x_wconf 76' lang='lat' dir='ltr'>vulgo</span> <span class='ocrx_word' id='word_1_107' title='bbox 627 1869 806 1945; x_wconf 86' lang='lat' dir='ltr'>imperitos,</span> <span class='ocrx_word' id='word_1_108' title='bbox 832 1867 865 1925; x_wconf 90' lang='lat'>&amp;</span> <span class='ocrx_word' id='word_1_109' title='bbox 894 1866 1001 1927; x_wconf 81' lang='lat' dir='ltr'>similes</span> 
     </span>
     <span class='ocr_line' id='line_1_18' title="bbox 315 1944 1000 2086; baseline -0.001 -80"><span class='ocrx_word' id='word_1_110' title='bbox 315 1946 504 2086; x_wconf 60' lang='lat' dir='ltr'>Ehilosophos</span> <span class='ocrx_word' id='word_1_111' title='bbox 524 1948 746 2026; x_wconf 85' lang='lat' dir='ltr'>impetitorum,</span> <span class='ocrx_word' id='word_1_112' title='bbox 766 1962 816 2018; x_wconf 83' lang='lat' dir='ltr'>ut,</span> <span class='ocrx_word' id='word_1_113' title='bbox 836 1947 889 2005; x_wconf 89' lang='lat' dir='ltr'>nisi</span> <span class='ocrx_word' id='word_1_114' title='bbox 904 1944 1000 2027; x_wconf 81' lang='lat' dir='ltr'>figuris</span> 
     </span>
    </p>
   </div>
   <div class='ocr_carea' id='block_1_4' title="bbox 314 2023 1086 3081">
    <p class='ocr_par' dir='ltr' id='par_1_5' title="bbox 314 2023 1086 3081">
     <span class='ocr_line' id='line_1_19' title="bbox 338 2023 1001 2104; baseline 0.003 -19"><span class='ocrx_word' id='word_1_115' title='bbox 338 2031 467 2087; x_wconf 90' lang='lat' dir='ltr'>ominum</span> <span class='ocrx_word' id='word_1_116' title='bbox 486 2027 665 2100; x_wconf 84' lang='lat' dir='ltr'>constitutis,</span> <span class='ocrx_word' id='word_1_117' title='bbox 684 2026 752 2085; x_wconf 88' lang='lat' dir='ltr'>nihil</span> <span class='ocrx_word' id='word_1_118' title='bbox 765 2023 878 2104; x_wconf 82' lang='lat' dir='ltr'>pollent</span> <span class='ocrx_word' id='word_1_119' title='bbox 897 2027 934 2085; x_wconf 88' lang='lat' dir='ltr'>de</span> <span class='ocrx_word' id='word_1_120' title='bbox 948 2026 1001 2089; x_wconf 77' lang='lat' dir='ltr'>diis</span> 
     </span>
     <span class='ocr_line' id='line_1_20' title="bbox 316 2103 1005 2189; baseline 0 -23"><span class='ocrx_word' id='word_1_121' title='bbox 316 2108 526 2172; x_wconf 87' lang='lat' dir='ltr'>immortalibus</span> <span class='ocrx_word' id='word_1_122' title='bbox 556 2110 713 2189; x_wconf 82' lang='lat' dir='ltr'>cogitare:</span> <span class='ocrx_word' id='word_1_123' title='bbox 747 2103 827 2183; x_wconf 83' lang='lat' dir='ltr'>cujus</span> <span class='ocrx_word' id='word_1_124' title='bbox 855 2108 1005 2185; x_wconf 75' lang='lat' dir='ltr'>opinionis·</span> 
     </span>
     <span class='ocr_line' id='line_1_21' title="bbox 316 2185 1000 2255; baseline 0.004 -9"><span class='ocrx_word' id='word_1_125' title='bbox 316 2186 419 2255; x_wconf 87' lang='lat' dir='ltr'>levitas</span> <span class='ocrx_word' id='word_1_126' title='bbox 444 2187 593 2248; x_wconf 88' lang='lat' dir='ltr'>confutata</span> <span class='ocrx_word' id='word_1_127' title='bbox 615 2210 632 2247; x_wconf 92' lang='lat' dir='ltr'>a</span> <span class='ocrx_word' id='word_1_128' title='bbox 656 2185 746 2246; x_wconf 87' lang='lat' dir='ltr'>Cotta</span> <span class='ocrx_word' id='word_1_129' title='bbox 770 2207 831 2247; x_wconf 89' lang='lat' dir='ltr'>non</span> <span class='ocrx_word' id='word_1_130' title='bbox 856 2186 1000 2250; x_wconf 88' lang='lat' dir='ltr'>desiderat</span> 
     </span>
     <span class='ocr_line' id='line_1_22' title="bbox 316 2265 998 2348; baseline 0.001 -20"><span class='ocrx_word' id='word_1_131' title='bbox 316 2270 480 2328; x_wconf 88' lang='lat' dir='ltr'>orationem</span> <span class='ocrx_word' id='word_1_132' title='bbox 504 2288 610 2328; x_wconf 85' lang='lat' dir='ltr'>meam.</span> <span class='ocrx_word' id='word_1_133' title='bbox 631 2265 691 2328; x_wconf 87' lang='lat' dir='ltr'>Sed</span> <span class='ocrx_word' id='word_1_134' title='bbox 711 2287 800 2348; x_wconf 90' lang='lat' dir='ltr'>quum</span> <span class='ocrx_word' id='word_1_135' title='bbox 826 2267 915 2328; x_wconf 88' lang='lat' dir='ltr'>talem</span> <span class='ocrx_word' id='word_1_136' title='bbox 940 2265 998 2329; x_wconf 84' lang='lat' dir='ltr'>esse</span> 
     </span>
     <span class='ocr_line' id='line_1_23' title="bbox 314 2345 1086 2427; baseline 0 -19"><span class='ocrx_word' id='word_1_137' title='bbox 314 2348 403 2408; x_wconf 87' lang='lat' dir='ltr'>deum</span> <span class='ocrx_word' id='word_1_138' title='bbox 422 2348 501 2408; x_wconf 71' lang='lat' dir='ltr'>certi</span> <span class='ocrx_word' id='word_1_139' title='bbox 519 2351 641 2407; x_wconf 91' lang='lat' dir='ltr'>notione</span> <span class='ocrx_word' id='word_1_140' title='bbox 660 2350 747 2407; x_wconf 88' lang='lat' dir='ltr'>animi</span> <span class='ocrx_word' id='word_1_141' title='bbox 763 2345 1001 2427; x_wconf 84' lang='lat' dir='ltr'>praesentiamus,</span> <span class='ocrx_word' id='word_1_142' title='bbox 1032 2359 1037 2366; x_wconf 96' lang='grc'><strong><em>’</em></strong></span> <span class='ocrx_word' id='word_1_143' title='bbox 1079 2379 1086 2392; x_wconf 57' lang='grc' dir='ltr'><em>ι</em></span> 
     </span>
     <span class='ocr_line' id='line_1_24' title="bbox 315 2426 1000 2508; baseline -0.007 -20"><span class='ocrx_word' id='word_1_144' title='bbox 315 2431 441 2508; x_wconf 80' lang='lat' dir='ltr'>primum</span> <span class='ocrx_word' id='word_1_145' title='bbox 455 2445 488 2488; x_wconf 92' lang='lat' dir='ltr'>ut</span> <span class='ocrx_word' id='word_1_146' title='bbox 507 2429 543 2488; x_wconf 90' lang='lat' dir='ltr'>sit</span> <span class='ocrx_word' id='word_1_147' title='bbox 560 2432 708 2501; x_wconf 82' lang='lat' dir='ltr'>animans,</span> <span class='ocrx_word' id='word_1_148' title='bbox 724 2426 876 2488; x_wconf 86' lang='lat' dir='ltr'>deinde-ut</span> <span class='ocrx_word' id='word_1_149' title='bbox 888 2430 918 2488; x_wconf 92' lang='lat' dir='ltr'>in</span> <span class='ocrx_word' id='word_1_150' title='bbox 933 2448 1000 2488; x_wconf 60' lang='lat' dir='ltr'>om,</span> 
     </span>
     <span class='ocr_line' id='line_1_25' title="bbox 314 2506 999 2587; baseline -0.001 -17"><span class='ocrx_word' id='word_1_151' title='bbox 314 2509 346 2570; x_wconf 84' lang='lat' dir='ltr'>ni</span> <span class='ocrx_word' id='word_1_152' title='bbox 363 2526 463 2569; x_wconf 89' lang='lat' dir='ltr'>natura</span> <span class='ocrx_word' id='word_1_153' title='bbox 480 2509 551 2569; x_wconf 87' lang='lat' dir='ltr'>nihil</span> <span class='ocrx_word' id='word_1_154' title='bbox 566 2529 603 2568; x_wconf 90' lang='lat' dir='ltr'>eo</span> <span class='ocrx_word' id='word_1_155' title='bbox 616 2510 651 2567; x_wconf 91' lang='lat' dir='ltr'>sit</span> <span class='ocrx_word' id='word_1_156' title='bbox 666 2506 856 2587; x_wconf 88' lang='lat' dir='ltr'>praestantius;</span> <span class='ocrx_word' id='word_1_157' title='bbox 870 2508 907 2566; x_wconf 86' lang='lat' dir='ltr'>ad</span> <span class='ocrx_word' id='word_1_158' title='bbox 923 2509 999 2569; x_wconf 83' lang='lat' dir='ltr'>hane</span> 
     </span>
     <span class='ocr_line' id='line_1_26' title="bbox 314 2585 1001 2726; baseline 0.004 -80"><span class='ocrx_word' id='word_1_159' title='bbox 314 2588 557 2726; x_wconf 54' lang='lat' dir='ltr'>firaesensionem</span> <span class='ocrx_word' id='word_1_160' title='bbox 578 2591 788 2669; x_wconf 90' lang='lat' dir='ltr'>notionemque</span> <span class='ocrx_word' id='word_1_161' title='bbox 799 2585 923 2647; x_wconf 87' lang='lat' dir='ltr'>nostram</span> <span class='ocrx_word' id='word_1_162' title='bbox 935 2632 945 2661; x_wconf 87' lang='lat'>‚</span> <span class='ocrx_word' id='word_1_163' title='bbox 955 2591 1001 2649; x_wconf 89' lang='lat' dir='ltr'>ni·</span> 
     </span>
     <span class='ocr_line' id='line_1_27' title="bbox 335 2668 999 2750; baseline 0.005 -25"><span class='ocrx_word' id='word_1_164' title='bbox 335 2668 354 2726; x_wconf 91' lang='lat' dir='ltr'>il</span> <span class='ocrx_word' id='word_1_165' title='bbox 381 2669 472 2729; x_wconf 83' lang='lat' dir='ltr'>video</span> <span class='ocrx_word' id='word_1_166' title='bbox 506 2670 586 2750; x_wconf 90' lang='lat' dir='ltr'>quod</span> <span class='ocrx_word' id='word_1_167' title='bbox 617 2670 714 2750; x_wconf 77' lang='lat' dir='ltr'>potius</span> <span class='ocrx_word' id='word_1_168' title='bbox 744 2669 999 2741; x_wconf 81' lang='lat' dir='ltr'>accommodem,</span> 
     </span>
     <span class='ocr_line' id='line_1_28' title="bbox 315 2746 999 2830; baseline 0.001 -26"><span class='ocrx_word' id='word_1_169' title='bbox 315 2746 404 2826; x_wconf 77' lang='lat' dir='ltr'>qualrn</span> <span class='ocrx_word' id='word_1_170' title='bbox 424 2765 455 2807; x_wconf 91' lang='lat' dir='ltr'>ut</span> <span class='ocrx_word' id='word_1_171' title='bbox 476 2751 601 2830; x_wconf 83' lang='lat' dir='ltr'>primlrm</span> <span class='ocrx_word' id='word_1_172' title='bbox 626 2750 701 2807; x_wconf 90' lang='lat' dir='ltr'>hunc</span> <span class='ocrx_word' id='word_1_173' title='bbox 721 2747 812 2829; x_wconf 82' lang='lat' dir='ltr'>ipsum</span> <span class='ocrx_word' id='word_1_174' title='bbox 835 2747 999 2821; x_wconf 90' lang='lat' dir='ltr'>mundum,</span> 
     </span>
     <span class='ocr_line' id='line_1_29' title="bbox 315 2827 999 2910; baseline 0.003 -26"><span class='ocrx_word' id='word_1_175' title='bbox 315 2847 376 2905; x_wconf 87' lang='lat' dir='ltr'>quo</span> <span class='ocrx_word' id='word_1_176' title='bbox 403 2828 472 2889; x_wconf 91' lang='lat' dir='ltr'>nihil</span> <span class='ocrx_word' id='word_1_177' title='bbox 494 2827 555 2890; x_wconf 87' lang='lat' dir='ltr'>fieri</span> <span class='ocrx_word' id='word_1_178' title='bbox 578 2830 765 2892; x_wconf 84' lang='lat' dir='ltr'>excellentius</span> <span class='ocrx_word' id='word_1_179' title='bbox 786 2828 909 2910; x_wconf 86' lang='lat' dir='ltr'>potest,</span> <span class='ocrx_word' id='word_1_180' title='bbox 932 2830 999 2903; x_wconf 78' lang='lat' dir='ltr'>ani·-¹</span> 
     </span>
     <span class='ocr_line' id='line_1_30' title="bbox 314 2906 837 2989; baseline -0.004 -22"><span class='ocrx_word' id='word_1_181' title='bbox 314 2925 445 2967; x_wconf 88' lang='lat' dir='ltr'>mantem</span> <span class='ocrx_word' id='word_1_182' title='bbox 465 2906 522 2970; x_wconf 79' lang='lat' dir='ltr'>elle</span> <span class='ocrx_word' id='word_1_183' title='bbox 542 2911 575 2970; x_wconf 91' lang='lat'><strong>&amp;</strong></span> <span class='ocrx_word' id='word_1_184' title='bbox 595 2910 682 2970; x_wconf 88' lang='lat' dir='ltr'>deum</span> <span class='ocrx_word' id='word_1_185' title='bbox 701 2907 837 2989; x_wconf 83' lang='lat' dir='ltr'>judicem.</span> 
     </span>
     <span class='ocr_line' id='line_1_31' title="bbox 357 2982 998 3081; baseline -0.005 -34"><span class='ocrx_word' id='word_1_186' title='bbox 357 2986 408 3060; x_wconf 79' lang='lat'>46.</span> <span class='ocrx_word' id='word_1_187' title='bbox 432 2987 490 3047; x_wconf 85' lang='lat' dir='ltr'>Hic</span> <span class='ocrx_word' id='word_1_188' title='bbox 505 2989 593 3070; x_wconf 69' lang='lat' dir='ltr'>quim</span> <span class='ocrx_word' id='word_1_189' title='bbox 609 2991 693 3051; x_wconf 90' lang='lat' dir='ltr'>volet</span> <span class='ocrx_word' id='word_1_190' title='bbox 712 2986 850 3080; x_wconf 80' lang='lat' dir='ltr'>Epicurus</span> <span class='ocrx_word' id='word_1_191' title='bbox 863 2982 998 3081; x_wconf 69' lang='lat' dir='ltr'>jocetur,-</span> 
     </span>
    </p>
   </div>
   <div class='ocr_carea' id='block_1_5' title="bbox 311 3065 1002 3228">
    <p class='ocr_par' dir='ltr' id='par_1_6' title="bbox 311 3065 1002 3228">
     <span class='ocr_line' id='line_1_32' title="bbox 311 3065 1002 3210; baseline -0.004 -77"><span class='ocrx_word' id='word_1_192' title='bbox 311 3066 407 3133; x_wconf 88' lang='lat' dir='ltr'>homo</span> <span class='ocrx_word' id='word_1_193' title='bbox 424 3086 485 3157; x_wconf 82' lang='lat' dir='ltr'>non</span> <span class='ocrx_word' id='word_1_194' title='bbox 503 3072 666 3154; x_wconf 80' lang='lat' dir='ltr'>aptissimus</span> <span class='ocrx_word' id='word_1_195' title='bbox 686 3069 724 3157; x_wconf 80' lang='lat' dir='ltr'>ad</span> <span class='ocrx_word' id='word_1_196' title='bbox 740 3065 899 3210; x_wconf 50' lang='lat' dir='ltr'>perfidum</span> <span class='ocrx_word' id='word_1_197' title='bbox 914 3108 926 3146; x_wconf 81' lang='lat'>‚</span> <span class='ocrx_word' id='word_1_198' title='bbox 943 3085 1002 3130; x_wconf 86' lang='lat' dir='ltr'>nu·</span> 
     </span>
     <span class='ocr_line' id='line_1_33' title="bbox 844 3166 874 3228; baseline 0.033 -22"><span class='ocrx_word' id='word_1_199' title='bbox 844 3166 874 3228; x_wconf 77' lang='grc' dir='ltr'>ιι]</span> 
     </span>
    </p>
   </div>
   <div class='ocr_carea' id='block_1_6' title="bbox 0 0 1360 4017">
    <p class='ocr_par' dir='ltr' id='par_1_7' title="bbox 0 0 1360 4017">
     <span class='ocr_line' id='line_1_34' title="bbox 0 0 1360 4017; baseline 0 2"><span class='ocrx_word' id='word_1_200' title='bbox 0 0 1360 4017; x_wconf 95' lang='lat' dir='ltr'> </span> 
     </span>
    </p>
   </div>
  </div>
 </body>
</html>
