2709 4017
359 488 513 558 lauari
546 503 864 557 arrouzrars.
891 502 971 580 519

286 622 357 667 nera
379 602 442 663 sunt
457 601 650 673 enuntiandi,
672 621 728 661 trec
754 603 845 662 ullum
867 601 973 663 distor-

287 687 363 754 tius,
382 681 469 764 quim
489 683 573 753 hoc,
600 701 658 761 quo
678 679 859 763 Chrysippus
877 683 973 784 sperat

288 762 445 825 Chaldaeos
464 780 620 821 contentos
638 760 802 820 Stoicorum
817 785 900 822 causa
919 763 972 824 fo·-

284 862 329 904 re.
350 842 469 902 Illorum
480 860 577 902 tamen
598 859 687 900 nemo
700 845 738 900 ita
753 843 887 922 loquitur.
908 842 973 904 Ma·

283 921 331 1004 jus
350 922 390 982 est
414 924 492 982 enim
514 923 563 980 has
584 924 789 981 contortiones
810 925 970 998 orationis,

283 1001 371 1085 quaint
385 1003 409 1061 si
429 1022 532 1060 norum
545 1017 624 1059 ortus
635 1000 788 1081 obitusque
799 1003 971 1081 perdisceres

280 1115 282 1119 ·
325 1080 379 1141 lx.
404 1022 463 1141 iet
486 1081 523 1140 ad
546 1081 625 1138 illam
649 1079 778 1141 Diodori
800 1085 971 1142 contentio·

285 1181 375 1235 nem,
390 1182 477 1242 quam
490 1165 548 1238 mci
564 1157 668 1220 ivi-ic.
684 1160 854 1241 appellant,
870 1182 971 1224 rever·

282 1257 399 1313 tamur3
421 1243 521 1320 inqua
538 1239 605 1315 quid
624 1240 721 1298 valeat
740 1240 790 1313 id,
831 1241 890 1300 uod
907 1241 974 1302 fieri

281 1325 392 1416 possit,
409 1342 444 1379 an
466 1319 573 1378 uirimr.
593 1315 691 1378 Placet
705 1321 790 1400 igitur
842 1321 969 1394 odoro,
1071 1372 1075 1385 ,

281 1401 313 1460 rd
335 1401 427 1462 solum
443 1342 507 1460 ieri
519 1395 620 1478 poffe,
636 1398 716 1478 quod
733 1416 783 1458 aut
797 1418 900 1460 verum
913 1402 971 1476 εἰς

281 1497 332 1541 aut
350 1487 452 1542 verum
472 1478 600 1538 futurum
613 1479 657 1536 tit.
718 1481 747 1537 ui
760 1480 841 1540 locus
856 1481 974 1561 attingit·

280 1561 356 1622 hanc
377 1558 585 1642 quaestionem,
603 1555 682 1616 Nihil
722 1561 784 1632 eri,
803 1559 883 1639 quod
905 1578 971 1623 non

280 1638 394 1701 necesse
414 1640 519 1710 fuerit3
538 1638 593 1709 δι,
613 1637 752 1720 quidquid
772 1637 834 1699 fieri
854 1642 968 1720 possit,

281 1719 314 1780 id
338 1737 386 1780 aut
404 1716 461 1780 effe
476 1717 557 1796 jam,
579 1734 628 1776 aut
648 1715 776 1777 futurum
801 1716 857 1779 effe
875 1739 888 1792 ;
908 1738 966 1780 nec

280 1801 372 1882 magis
386 1800 557 1859 commutari
569 1815 607 1855 ex
622 1796 700 1854 veris
710 1799 739 1855 in
751 1797 818 1857 falsa
836 1817 871 1857 ea
890 1819 966 1877 pos·

279 1878 331 1952 se,
349 1900 413 1960 quae
425 1877 516 1936 futura
531 1875 594 1934 sunt
602 1893 614 1945 3
633 1873 721 1955 quim
734 1895 790 1948 ea,
809 1897 873 1958 quae
889 1876 967 1938 fabia

278 1957 361 2019 funt:
378 1957 427 2018 sed
446 1958 475 2015 in
494 1955 574 2015 factis
595 1954 858 2016 immutabilitatem
877 1952 974 2038 appa·'

279 2058 366 2112 rere3
381 2039 410 2096 in
420 2035 520 2096 firturis
536 2031 720 2116 quibusdam,
730 2037 866 2115 quianon
876 2036 968 2116 appa?

278 2135 346 2193 ret,
365 2138 402 2177 ne
421 2114 509 2177 ineffe
525 2113 645 2196 quidem
661 2112 778 2173 videri:
801 2131 831 2173 ut
850 2117 880 2174 io
902 2134 966 2190 eo,

300 2200 330 2257 ui
342 2195 495 2256 mortifero
511 2193 617 2254 morbo
634 2209 788 2274 urgeatur,
800 2214 903 2255 verum
914 2198 962 2269 sit,

278 2219 336 2337 ilic
353 2276 494 2337 morietur
506 2275 563 2335 hoc
582 2272 705 2333 morbo:
720 2289 750 2333 at
761 2274 818 2334 hoc
836 2274 914 2334 id'em
937 2277 965 2336 si

277 2357 349 2418 vere
368 2357 477 2417 dicatur
490 2358 519 2415 iu
532 2374 592 2428 eo,
608 2354 638 2412 irr
672 2374 713 2413 uo
726 2354 771 2415 vis
790 2354 964 2415 moabitam

277 2451 307 2497 ta
328 2458 389 2497 nott
415 2452 581 2517 appareat,
603 2374 695 2492 nihiib
716 2435 810 2492 minus
834 2433 964 2495 futurum

278 2518 325 2576 sit.
342 2515 387 2575 lta
402 2513 455 2588 fit,
473 2532 504 2574 ut
520 2514 711 2574 commutatio
728 2531 765 2571 ex
778 2531 851 2572 vero
866 2513 895 2572 in
907 2511 962 2574 fat-

275 2596 338 2656 sum
356 2597 435 2656 uein
451 2594 548 2655 futuro
566 2592 683 2673 quidem
700 2591 758 2650 ulla
774 2589 836 2651 fieri
856 2595 961 2672 possit.

277 2674 377 2750 Nam,
391 2674 533 2735 Morietur
547 2673 666 2752 Scipio,
678 2671 766 2730 talem
777 2673 839 2733 vim
852 2671 940 2731 habet

276 2772 309 2816 ut
326 2774 500 2837 quamquam
517 2753 553 2814 de
568 2752 664 2811 futuro
682 2751 913 2823 dicatur,tamen
927 2715 959 2811 ici

278 2855 339 2896 uon
351 2837 442 2915 possit
456 2834 591 2894 converti
605 2834 634 2892 iu
650 2829 766 2889 falfitm:
786 2830 824 2889 de
838 2830 962 2891 homine

277 2915 358 2984 euim
374 2914 494 2987 dicitur,
515 2915 560 2974 cui
577 2908 690 2971 neceffe
710 2908 751 2970 est
770 2910 855 2969 mori.

292 3021 299 3037 =
321 2991 372 3055 18.
382 2992 429 3055 Sic
440 2996 467 3055 si
484 2993 645 3067 diceretur,
658 2989 804 3054 Morietur
821 2985 912 3051 nouo
925 2987 961 3051 in
