2709 4017
413 516 487 590 186
521 516 586 585 Du
614 527 787 581 aarum
814 528 1026 600 osonum,

406 627 521 689 infinitis
539 625 709 708 corporibus
732 625 865 685 similium
882 631 1036 702 accessio;
1060 636 1097 692 ex'

407 727 504 789 eoque
518 706 598 781 fieri,
617 725 648 766 ut
662 710 691 764 in
707 705 766 764 haec
786 708 896 766 intenta
915 728 1001 769 mens
1022 732 1094 771 nos·

406 787 593 861 tra‚beatam
610 787 688 847 illam
697 804 826 845 naturam
842 785 1094 869 &sempiternam

408 885 503 948 putet.
1095 878 1099 889 “

447 945 654 1007 XXXVIII.
678 941 764 1021 Hoc,
781 965 835 1025 pet
846 944 922 1026 ipsos
937 946 1031 1023 deos,
1055 949 1093 1011 de

405 1029 508 1107 quibus
528 1028 693 1107 loquimur,
714 1025 799 1106 quale
811 1026 930 1086 tandem
945 1026 1010 1087 est?
1024 1050 1093 1091 nam

406 1109 430 1166 si
448 1107 652 1167 tantummodo
672 1105 709 1164 ad
730 1107 937 1185 cogitationem
959 1108 1063 1169 valent
1082 1155 1094 1182 ,

405 1205 463 1246 uec
486 1186 574 1247 ullam
596 1187 704 1246 habent
724 1183 915 1259 soliditatem,
937 1206 992 1247 nec
1016 1191 1099 1248 emi··

405 1267 553 1338 nentiam;
571 1267 639 1346 quid
654 1261 790 1336 interest,
811 1267 907 1325 utrum
927 1265 965 1326 de
979 1267 1093 1349 hippo·

405 1363 564 1420 centauro,
584 1367 620 1407 an
634 1346 670 1406 de
684 1345 742 1405 deo
756 1343 939 1426 cogitemus?
957 1343 1092 1409 Omnem

407 1428 485 1486 enim
506 1428 595 1487 talem
608 1425 870 1486 conformationem
892 1427 979 1484 animi
1002 1429 1093 1489 ceteri

405 1505 568 1586 philosophi
594 1524 707 1565 motum
732 1507 847 1564 inanem
872 1521 982 1565 vocant
1001 1527 1008 1565 :
1027 1510 1092 1568 ¹vos

405 1601 503 1644 autem
523 1584 683 1644 adventum
701 1586 730 1642 in
751 1586 884 1658 animos,
898 1585 1092 1648 &introitum

406 1663 563 1744 imaginum
593 1664 694 1723 dicitis.
721 1661 766 1724 Ut
791 1666 874 1745 igitur
900 1663 968 1725 Tib.
993 1665 1093 1727 Grac·

405 1743 492 1802 cltum
511 1764 599 1825 quum
619 1745 725 1803 videor
741 1747 962 1805 concionantem
980 1747 1010 1805 in
1031 1743 1094 1807 Ca·

406 1824 510 1904 pitolio
531 1825 653 1899 videre,
676 1823 713 1883 de
735 1822 780 1884 M.
802 1822 929 1885 Oliavio
953 1823 1094 1886 deferen-

406 1920 469 1964 tem
497 1905 651 1980 sitellam,
679 1922 742 1965 tum
770 1924 837 1967 eum
863 1921 975 1963 motum
1002 1909 1092 1969 animi

408 1984 477 2045 dico
500 1983 556 2046 esse
577 1988 716 2045 inanem:
740 2001 769 2044 tu
790 2002 886 2044 autem
910 1984 942 2043 &
961 1982 1093 2047 Gracchi

408 2063 442 2124 δι
463 2063 580 2125 ottavii
597 2066 736 2145 imagines
757 2081 905 2121 remanere
922 2106 932 2134 ‚
952 2084 1039 2142 quae,
1061 2066 1092 2128 in

406 2141 586 2222 Capitolium
612 2162 700 2222 quum
724 2141 908 2220 pervenerint
929 2182 939 2209 ,
962 2157 1026 2200 tum
1055 2144 1099 2207 ad·

406 2220 532 2283 animum
551 2240 649 2281 meum
666 2218 843 2280 referantur:
865 2218 922 2277 hoc
933 2216 1013 2279 idem
1029 2221 1093 2288 fieri

405 2301 435 2361 in
459 2299 539 2372 deo,
563 2297 642 2378 cujus
656 2296 758 2358 crebri
777 2296 850 2358 facie
862 2297 1005 2378 pellantur
1028 2306 1091 2364 ani·

406 2378 447 2440 mi
468 2397 478 2450 ;
499 2397 535 2438 ex
554 2398 614 2459 quo
636 2375 693 2439 elie
714 2379 792 2439 beati
811 2396 898 2464 atque
921 2383 1020 2441 aeterni
1042 2386 1090 2446 in·

405 2457 579 2538 telligantut.

449 2555 515 2612 107.
531 2537 588 2598 Fac
605 2539 745 2619 imagines
764 2537 820 2600 effe
832 2584 841 2611 ‚
853 2539 953 2620 quibus
974 2540 1090 2619 pulsen-

406 2634 452 2678 tur
466 2619 570 2678 animis
588 2618 698 2700 species
714 2619 850 2680 duntaxat
863 2617 996 2697 objicitur
1013 2642 1091 2702 quae·

407 2697 495 2758 dam:
518 2719 586 2758 num
609 2700 696 2758 etiarn
716 2719 766 2758 cur
786 2719 821 2758 ea
843 2699 926 2763 beata
950 2700 1017 2761 sit?
1038 2720 1090 2763 cut

406 2778 541 2840 aeterna?
565 2777 642 2858 Quae
664 2796 760 2838 autem
782 2777 838 2842 istae
854 2779 992 2861 imagines
1016 2794 1098 2841 ves-¹

408 2875 479 2935 trae,
498 2877 546 2919 aut
558 2856 655 2918 unde?
670 2880 686 2919 a
700 2856 874 2918 Democrito
890 2862 1012 2918 omnino
1027 2859 1097 2924 haec'

406 2937 531 3003 licentia.
551 2936 610 3002 Sed
631 2938 663 2999 ἃ
681 2937 729 3000 ille
748 2937 935 3022 reprehensus
954 2961 970 3000 a
991 2940 1090 3003 multis
