2709 4017
384 512 567 616 'lanan
594 528 823 581 rannus,
891 531 964 605 305
1010 609 1014 612 ᾖ

325 627 380 690 xl.
399 626 442 688 At
468 629 545 687 enim
567 627 666 706 querit
687 625 764 706 apud
785 626 973 707 Xenophon·

283 727 347 772 tem
360 709 514 779 Socrates,
526 707 603 767 unde
614 709 742 765 animum
751 710 972 787 arripuerimus,

284 793 310 851 si
322 791 416 850 nullus
433 787 518 847 fuerit
535 787 565 846 in
583 788 705 847 mundo.
725 785 762 847 Et
780 808 838 869 ego
851 809 973 868 quaro,

283 871 364 932 unde
388 870 575 939 orationem,
600 868 678 928 unde
703 888 863 942 numeros,
890 869 979 941 unde,

284 968 396 1012 cantus.
415 948 478 1009 Nisi
498 948 572 1009 verb
598 948 679 1028 loqui
698 947 788 1010 solem
815 970 881 1009 cunt
901 949 976 1010 luna¹

283 1050 439 1112 putamus,
456 1048 544 1108 quum
556 1031 675 1108 propilas
691 1028 836 1091 accesserit
848 1051 857 1104 ;
874 1030 973 1090 autad

283 1111 468 1172 harmoniam
486 1128 590 1168 canere
615 1109 781 1180 mundum,
810 1128 841 1170 ut
859 1109 975 1188 Pytha·

285 1212 372 1274 goras
385 1189 534 1250 existimat.
555 1187 672 1247 Naturae
691 1189 740 1248 illa
760 1187 844 1264 sunt,
860 1189 971 1263 Balbe,

283 1287 394 1331 naturae
408 1290 470 1329 non
491 1266 641 1328 artificiose
665 1270 857 1342 ambulantis,
880 1288 911 1330 ut
932 1274 973 1330 ait

286 1351 372 1411 Zeno
391 1346 496 1430 (quod
509 1348 627 1430 quidem
645 1350 729 1428 quale
740 1352 795 1423 sit,
814 1347 874 1428 jam
886 1350 974 1411 vide·

284 1428 418 1571 bimusg1
426 1429 477 1490 sed
489 1430 587 1488 omnia
601 1431 702 1489 cientis
717 1430 889 1511 &agitantis
903 1451 972 1491 mo·

286 1511 366 1572 tibus
435 1511 641 1569 mutationibus
656 1509 720 1569 suis.

330 1589 380 1651 28.
399 1589 498 1671 ltaque
514 1589 563 1648 illa
581 1591 650 1649 milri
668 1590 802 1669 placebat
820 1590 913 1651 oratio
934 1590 972 1652 de

285 1673 513 1741 convenientia,
535 1669 732 1751 consensuque
745 1689 852 1731 naturae
862 1717 871 1744 ‚
883 1692 971 1753 quam

308 1753 369 1811 uasi
389 1773 425 1811 co
447 1752 562 1810 natione
588 1754 783 1811 continuatam
808 1751 971 1830 conspirare

285 1771 512 1892 dicebaslllud
529 1851 590 1890 non
613 1830 795 1910 probabam,
818 1831 896 1910 quod
916 1852 974 1891 ne·

286 1911 378 1994 gabas
405 1910 435 1969 id
462 1911 602 2004 accidere·
613 1908 734 1991 potuisse
752 1954 762 1982 ‚
786 1914 839 1968 msi
857 1930 892 1969 ea
914 1931 974 1970 uno

287 1993 392 2062 divino
409 1991 507 2071 spiritu
525 2007 731 2050 commeretur.
753 1988 806 2047 Illa
824 1989 896 2050 verb
922 2011 976 2052 co·

287 2072 379 2132 haerer
392 2071 425 2131 δι
447 2086 600 2151 permanet
622 2088 731 2130 naturae
755 2070 885 2142 viribus,
913 2090 975 2131 non

287 2152 432 2213 deorum:
451 2149 549 2232 estque
566 2153 595 2209 in
617 2170 652 2210 ea
674 2149 726 2210 iste
754 2151 833 2233 quasi
848 2150 974 2211 consen-

286 2231 355 2304 sus,
370 2250 463 2312 'quam
479 2230 643 2306 συμπάθειαν
656 2229 754 2292 Graeci
776 2249 893 2292 vocant.
915 2230 975 2292 Sed
995 2297 996 2301 ἵ

288 2332 346 2383 ea,
365 2311 424 2449 qul>
442 2309 491 2369 sua
512 2310 616 2390 sponte
632 2311 727 2390 major
745 2310 804 2382 est,
827 2313 863 2372 eb
879 2315 974 2386 mjnlts

288 2391 370 2452 divin
399 2392 510 2451 ratione
523 2389 584 2450 fieri
602 2391 788 2452 existimanda
803 2391 853 2453 est.

267 2539 277 2550 ⁴
330 2469 399 2531 XII.
419 2468 472 2531 Illa
490 2488 612 2540 autem,
632 2493 695 2552 quae
717 2471 884 2532 Carneades
905 2470 976 2533 affe·

288 2550 392 2626 rebat,
410 2551 658 2630 quemadmodum
669 2549 840 2610 dillolvitis?
861 2550 890 2611 Si
910 2552 977 2612 nul·

288 2632 362 2692 lum·
379 2651 431 2692 cor.
451 2651 485 2691 us
512 2631 677 2691 immortale
701 2635 756 2704 sit,
785 2631 894 2691 nullum
917 2630 975 2693 esse
1067 2631 1069 2635 ’

288 2732 396 2792 corpus
419 2653 648 2791 limpiternum:
673 2732 778 2792 corpus
801 2730 898 2772 autem
915 2714 976 2771 im-

288 2792 417 2854 mortale
434 2791 544 2850 nullum
562 2789 639 2864 elle,
656 2812 695 2852 ne
711 2791 890 2852 individuum
912 2795 976 2872 qui·
996 2808 998 2813 ’

287 2873 383 2947 dem,
406 2891 461 2932 nec
485 2872 565 2952 quod
592 2872 712 2946 dirimi,
742 2871 894 2931 distrahive
913 2891 974 2930 non

288 2953 393 3034 possit.
412 2950 575 3032 Quumque
593 2972 683 3012 omne
702 2952 806 3012 animal
824 2951 976 3031 patibilem

289 3049 422 3096 naturam
433 3032 560 3107 babeat,
576 3032 686 3094 nullutn
706 3031 747 3095 est
760 3052 862 3109 eorum
871 3075 883 3105 ,
893 3030 974 3114 quod
