2709 4017
428 491 585 563 L1ssn
612 510 825 574 surmus.
889 512 964 589 355

294 664 296 669 .
326 603 373 666 16.
393 605 459 668 N'ec
475 609 533 670 hoc
550 606 667 687 quidem
690 627 807 688 quaero,
836 626 886 665 cur
906 608 972 666 haeo

280 685 369 745 arbor
387 707 443 748 una
461 705 507 748 ter
524 687 650 762 floreat,
670 705 781 747 auteur
800 686 898 747 arandi
908 708 970 763 ma·

280 768 429 827 ruritatem
449 769 487 828 ad
513 770 627 849 signum
649 767 729 830 floris
753 767 971 829 accommodet.

280 845 349 904 Hoc
361 845 422 906 sum
441 864 613 922 contentus,
637 849 738 929 quod,
759 849 846 910 etiam
863 849 887 906 si
907 852 968 942 quo

280 926 373 986 mo'do
389 929 515 1010 quidque
535 926 584 989 fiat
598 929 733 1010 ignorem
743 927 838 1011 kquid
851 925 901 988 fiat
919 948 970 988 rn-

280 1007 392 1088 telligo.
411 1007 469 1070 Pro
481 1011 564 1071 omni
579 1012 664 1091 igitur
678 1011 858 1071 divinatione
871 1008 970 1084 idem,

280 1089 361 1166 quod
384 1109 439 1168 pro
457 1091 490 1149 iis
507 1089 612 1164 rebus,
631 1110 701 1170 quas
718 1092 970 1165 commemoravi,

279 1163 331 1227 res
347 1169 477 1230 ondebo.

321 1188 361 1308 b.
380 1248 463 1328 Quid
475 1248 668 1310 scammoneae
688 1247 768 1308 radix
785 1249 823 1310 ad
840 1271 970 1332 purgan-

279 1326 373 1407 dum,
393 1330 469 1410 quid·
489 1327 695 1401 aristolochia,
718 1349 782 1410 quae
799 1351 909 1390 nomen
932 1350 970 1408 etr

279 1409 435 1470 inventore
463 1411 598 1491 reperit,
628 1427 691 1468 rem
719 1407 809 1489 ipsam
831 1413 970 1470 inventor

280 1487 472 1563 ex'somnio,
503 1490 540 1549 ad
562 1487 672 1550 morsus
687 1487 861 1570 serpentium
877 1491 969 1570 possit
1061 1496 1064 1502 '

279 1567 393 1644 video,
415 1569 495 1651 quod
516 1569 580 1630 satis
595 1569 635 1630 est
653 1589 663 1643 3
685 1591 735 1629 cur
753 1573 844 1650 possit
859 1569 970 1631 nescio.

280 1645 328 1708 Sic
338 1667 494 1711 ventorum
507 1651 684 1711 &imbrium
701 1653 782 1732 signa
793 1697 803 1725 ,
818 1672 881 1733 quae
893 1651 968 1724 dixi,

280 1731 424 1797 rationem
463 1751 529 1790 uam
546 1731 692 1805 habeant,
706 1753 766 1791 non
783 1731 847 1791 satis
859 1729 969 1812 perspi·

281 1812 350 1882 cio;
369 1812 429 1871 vim
494 1827 634 1871 eventum
647 1831 664 1869 a
686 1812 796 1884 nosco,
808 1811 867 1871 scio
880 1856 890 1884 ,
913 1832 969 1892 ap·

279 1889 389 1970 probo.
413 1889 578 1964 Similiter,
610 1831 684 1970 quid
702 1887 792 1948 fissum
818 1891 847 1949 in
875 1893 968 1967 extis,

279 1970 349 2051 quid
365 1966 437 2032 fibra
452 1970 569 2043 valeat,
585 1972 698 2049 accipio
711 1989 720 2041 ;
739 1989 803 2050 quae
819 1968 900 2029 causa
908 1972 966 2047 sit,

280 2048 389 2110 nescio.
409 2050 508 2130 Atque
530 2051 636 2109 borum
659 2048 778 2129 quidem
804 2049 890 2128 plena
905 2051 967 2110 vita

280 2127 342 2202 est3
355 2133 428 2191 extis
441 2133 517 2190 enim
533 2148 637 2191 omnes
652 2127 714 2188 fere
728 2129 842 2188 utimur.
863 2128 966 2208 Quid?

281 2209 319 2269 de
333 2208 478 2291 fulgurum
502 2211 533 2269 vi
552 2211 683 2269 dubitare
706 2230 776 2268 num
794 2207 965 2291 possumus?

281 2310 379 2349 nonne
393 2310 481 2372 quum
499 2291 588 2350 muita
604 2289 657 2348 alia
672 2289 829 2364 mirabilia,
847 2307 909 2350 tum
926 2292 966 2350 il-

280 2369 331 2430 lud
350 2373 379 2429 in
397 2370 515 2450 primis?
539 2391 628 2451 quum
646 2369 818 2431 Summanus
841 2373 870 2430 in
888 2369 967 2431 fasti·

301 2452 330 2511 io
350 2450 432 2512 Jovis
448 2454 552 2531 optimi
576 2453 693 2510 maximi
713 2495 724 2524 ,
753 2454 802 2532 qui
818 2469 880 2510 tum
904 2468 967 2513 erat

279 2470 392 2612 bdiiis,
412 2551 430 2592 e
454 2532 530 2592 coelo
557 2530 627 2592 isius
651 2527 741 2604 esset,
771 2550 827 2591 nec
847 2529 966 2612 usquam

281 2607 345 2689 ejus
358 2611 501 2671 simulacri
519 2627 604 2691 caput
612 2610 807 2684 inveniretur,
824 2610 966 2694 aruspices

278 2691 310 2753 in
323 2687 455 2752 Tiberim
474 2691 504 2751 id
516 2687 664 2772 depulsum
677 2688 734 2757 effe
751 2689 903 2766 dixerunt,
918 2690 966 2750 id·

279 2791 339 2852 que
354 2774 504 2833 inventum
518 2770 558 2832 est
577 2791 615 2832 eo
626 2772 715 2846 loco,
730 2774 777 2854 qui
792 2770 832 2832 est
843 2770 879 2831 ab
892 2768 966 2831 arus·

280 2852 393 2933 picibus
406 2851 626 2912 demonstratus.

324 2930 377 2990 XI.
397 2931 456 2992 Sed
473 2954 533 3015 quo
557 2934 654 3012 potibs
670 2948 739 2992 utar
758 2930 894 3004 audone,
916 2947 965 2990 aut

280 3009 373 3088 teste,
394 3011 480 3097 quim
493 3011 545 3074 te?
567 3009 648 3093 cujus
665 3012 772 3075 edidici
790 3012 877 3072 etiam
893 3028 965 3078 vet-,
