2709 4017
405 515 556 584 Lraart
582 501 909 585 sruevarr'ars.
934 528 1007 604 511
1060 563 1062 567 -

333 629 476 726 quidem,
492 645 533 724 ,ut
552 626 664 724 spero,
685 623 840 723 reliquisti,
862 627 912 689 sed
934 626 1014 688 certe
1110 698 1112 702 ,

331 705 1017 871 {ididiae3¹ssu¹3zssiffsdssatfissdt

333 870 396 929 'dite
406 914 416 943 ,
426 869 477 930 vel
489 870 585 929 dicere
594 889 601 928 :
609 877 669 928 'nec
683 869 762 928 enim
781 865 835 949 (id
847 869 928 947 quod
938 867 1016 929 recte

332 948 498 1020 existimas)
511 951 634 1008 oratoria
647 950 695 1008 illa
708 946 798 1007 studia
809 947 937 1019 deserui,
948 949 1018 1029 quii·

332 1030 492 1089 bus-etiam
506 1047 537 1088 te
553 1028 688 1101 incendi,
703 1048 878 1108 quamquam
896 1029 1019 1110 flagran-

332 1111 475 1169 tissimum
492 1127 661 1188 acceperam
678 1127 689 1181 3
706 1127 761 1178 nec
780 1127 838 1182 ea,
859 1129 922 1190 quae
940 1128 1019 1168 nuuc

332 1188 445 1261 trado,
463 1191 595 1248 minuunt
611 1233 621 1261 ,
635 1187 686 1248 sed
701 1204 807 1267 augent
822 1191 919 1267 potius
937 1188 1018 1248 illam

333 1267 526 1328 facultatem:
548 1287 617 1339 tram
636 1272 704 1327 cu'm
719 1267 777 1326 hoc
794 1287 901 1348 genere
919 1268 1018 1346 philo·-

332 1348 461 1429 sophiae,
479 1347 559 1428 quod
572 1368 626 1407 nos
643 1345 807 1428 sequimur,
821 1366 955 1430 magnam
968 1347 1021 1407 ha·

332 1429 386 1489 bet
402 1426 711 1503 o'ratorsocietatem:
735 1425 919 1503 subtilitatem
940 1428 1020 1487 enim

332 1509 381 1568 ab·
398 1506 559 1568 Academia
584 1522 754 1578 mutuatur,
781 1506 814 1566 dt
838 1508 866 1568 ei
891 1506 1019 1566 vicissim

332 1587 430 1648 reddit
442 1589 612 1646 ubertatem
624 1588 782 1661 orationis,
795 1585 829 1646 δι
849 1604 1020 1647 ornamenta

334 1667 459 1727 dicendi.
479 1666 703 1746 Quamobrem,
723 1669 860 1745 inquam,
880 1669 1019 1747 quoniam

333 1746 477 1827 utriusque
499 1745 582 1805 studii
605 1745 700 1805 nostra
721 1744 859 1824 poffessio
883 1746 946 1821 est,
964 1748 1021 1808 ho-

334 1826 402 1900 die,
420 1845 486 1886 utro
504 1826 559 1886 frui
574 1828 673 1896 malis,
687 1827 769 1902 optio
789 1827 826 1883 sit
840 1843 897 1884 tua.

376 1925 406 1980 4.
419 1905 504 1973 ¹Tum
522 1906 650 1978 Hirtius,
667 1901 891 1978 Gratissimum,
909 1905 1023 1986 inquit,

334 1984 500 2047 &tuorum
516 1985 647 2044 munium
656 1983 765 2042 simile:
781 1982 850 2042 nihil
863 1985 941 2043 enim
957 2007 1023 2044 um·

334 2085 422 2147 quam
440 2066 539 2124 abr'ruit
548 2083 616 2124 meo
633 2061 726 2122 studio
739 2063 873 2122 voluntas
889 2081 947 2124 tua.
959 2063 1020 2126 Sed

333 2146 474 2226 quoniam
492 2144 635 2205 'rhetorica
657 2143 727 2201 mihi
748 2139 841 2201 vestra
863 2141 903 2202 sat
926 2162 1021 2217 nota,

333 2224 517 2306 teque-iniis
530 2225 561 2282 &
581 2223 741 2282 audivimus
757 2221 850 2302 saepe,
871 2223 901 2282 &
920 2224 1022 2285 audie·

333 2324 398 2363 mus
409 2323 419 2375 ;
439 2319 526 2382 atque
546 2303 620 2363 hanc
636 2302 900 2376 Academicorum,
919 2309 1020 2366 contra

333 2385 463 2463 positum
485 2382 664 2462 disputandi,-
684 2380 920 2443 consuetudinem
940 2387 1020 2444 indi-

334 2480 401 2521 cant
424 2479 454 2523 te
478 2461 623 2542 suscepiffe
646 2460 816 2521 Tusculanae
844 2462 890 2520 dis
906 2467 1018 2524 uratio-

333 2561 407 2615 rres3
426 2561 537 2620 ponere
549 2540 672 2622 aliquid,
691 2540 727 2599 ad
741 2540 820 2621 quod
837 2485 970 2615 audiam,
991 2546 1017 2607 si

332 2621 386 2680 tibi
408 2640 468 2679 non
489 2620 529 2682 est
545 2618 720 2692 molestum,
743 2621 827 2682 volo.
849 2621 899 2681 An
923 2623 1017 2698 mihi,

332 2703 469 2780 inquam,
485 2699 580 2781 potest
591 2701 747 2783 quidquam
765 2699 821 2761 effe
839 2701 1015 2776 molestum,

332 2779 414 2918 quod
432 2776 484 2839 tibi
519 2798 611 2840 ratum
629 2780 756 2841 futurum
767 2780 823 2841 sit?
835 2779 883 2841 sed
903 2783 942 2840 ita
959 2802 1016 2840 au-

337 2868 339 2873 '
354 2862 413 2932 ies,
436 2877 467 2918 ut
516 2866 654 2920 umanum
672 2862 841 2932 hominem,
863 2876 895 2919 ut
912 2860 1014 2922 timide

331 2938 544 3020 ingredientem
560 2941 597 3000 ad
615 2942 671 3001 h'oc
690 2946 779 3021 genus
794 2938 971 3020 disputandi,
982 2957 1016 3002 ut

331 3017 597 3099 longo-intervallo
622 3021 683 3083 haec
703 3020 795 3081 studia
821 3036 1015 3161 referentem.

881 3121 912 3164 ιν
