2709 4017
332 510 384 600 50·
444 502 891 574 Acnnaniconnn

329 621 434 682 locun
448 638 509 678 non
527 617 633 678 debeat
643 615 671 678 se
689 617 798 698 sapiens
816 618 1015 692 committere:

330 699 380 772 Sin
399 713 515 780 autem,
529 701 650 760 omnino
667 699 738 759 nihil
752 697 808 761 esse
826 701 906 781 quod
920 704 1017 780 perci-

329 781 362 860 pi
381 780 494 857 possit,
513 799 595 851 ame
615 775 835 859 sumpsero,'&
852 824 862 854 ,
880 781 961 859 qnod
983 799 1017 857 tn

330 859 401 939 pnihi
417 859 468 918 das
480 904 491 936 ,
505 854 668 940 accepero,
681 858 843 941 sapientem
856 860 927 920 nihil
946 863 1018 942 opi-v

329 940 410 1010 nari3
424 937 557 1003 effessum
570 941 639 1000 illud
657 943 731 1016 erit,
747 940 908 1018 sapientem
923 939 1018 1001 assen-

328 1019 374 1081 sus
390 1036 494 1083 omnes
511 1021 723 1088 cohibiturum
739 1034 770 1082 us
783 1023 836 1088 'tibi
855 1021 1018 1092 videndum

330 1103 386 1176 sit,
398 1102 467 1168 idne
483 1103 583 1175 malis,
597 1124 634 1162 an
650 1102 757 1183 aliquid
773 1105 955 1184 opinaturum
972 1123 1020 1163 es·

332 1202 365 1257 se
380 1179 548 1262 sapientem.
564 1181 708 1261 Neutrum
720 1228 731 1254 ,
743 1186 874 1265 inquies,
890 1184 1021 1245 illorum.

331 1262 468 1331 Nitamur
485 1266 569 1346 igitur
587 1308 597 1338 ,
616 1264 686 1324 nihil
703 1261 782 1344 posse
802 1265 922 1344 percipi.
946 1262 1023 1324 Ete-

332 1345 395 1419 'nim
411 1344 448 1404 de
465 1365 504 1406 eo
522 1347 618 1404 omnis
633 1342 674 1404 est
690 1347 899 1406 controversia.
990 1348 992 1351 ’

376 1414 494 1501 XXII.
511 1424 571 1486 Sed
590 1427 668 1505 priiis
678 1446 768 1504 pauca
780 1445 847 1486 cum
858 1424 1024 1507 Antiocho,¹

336 1505 388 1642 ppi
404 1505 467 1565 haec
484 1504 563 1584 ipsa,
581 1525 645 1584 quae
662 1527 680 1563 a
697 1525 745 1565 me
758 1505 974 1578 defenduntur,
987 1508 1023 1568 &

337 1654 339 1659 .
359 1582 438 1651 ‘dicit
457 1585 535 1665 apud
552 1583 707 1645 Philonem
727 1602 787 1646 tam
806 1586 878 1661 diu,
896 1602 928 1646 ut
947 1589 1044 1657 con·'

337 1661 424 1740 staret
443 1662 546 1724 diutius
560 1663 686 1725 didicisse
696 1667 844 1727 neminem
850 1675 896 1738 ‚&
913 1665 1025 1746 scripsit

339 1742 377 1804 de
393 1745 436 1803 his
455 1744 540 1806 rebus
553 1747 734 1819 acutissime,
751 1746 783 1807 &
795 1747 874 1808 idem
887 1747 947 1818 hac
962 1768 1026 1808 non

339 1826 432 1895 aeriis
451 1825 594 1892 accusavit
609 1828 639 1885 in
657 1825 823 1901 senesiute,
839 1826 925 1913 quim
939 1843 1026 1903 antea

341 1904 575 1991 defensitaverat.
594 1906 739 1988 Quamvis
757 1910 840 1990 igitur
855 1906 940 1967 suerit
955 1928 1028 1968 acu-

339 2003 386 2056 tus
406 2031 416 2060 ‚
432 2006 464 2046 ut
482 1987 536 2048 suit
555 2009 564 2059 ;
587 2004 686 2055 tamen
705 1988 894 2048 inconstantis
914 1988 1027 2049 levatus

343 2066 506 2135 ansioritas.
526 2065 670 2144 Quisnam
685 2069 763 2125 enim
780 2066 830 2126 iste
848 2068 909 2127 dies
925 2067 1030 2136 illuxe-

343 2146 404 2218 rit¹‚
417 2166 536 2224 quaero,
549 2146 597 2225 qui
609 2145 649 2204 illi
667 2143 823 2221 ostenderit
837 2164 922 2213 eam,
940 2167 1029 2226 quam

343 2224 451 2294 multos
477 2244 568 2283 annos
591 2220 648 2284 effe'
669 2221 881 2303 negitavisset,
907 2228 970 2284 veri
995 2229 1030 2288 &

343 2303 408 2376 salsi
430 2316 540 2375 notam,
562 2301 624 2364 Exc
664 2305 744 2380 itavit
764 2303 896 2384 aliquid?
922 2306 1031 2376 eadem

345 2383 436 2454 dicit,
456 2404 518 2464 quae
532 2323 786 2444 St'oiciiioenituit
808 2403 876 2449 enm
895 2383 942 2444 illa
962 2385 1031 2458 sens

347 2461 409 2523 sisse
427 2463 439 2524 ὲ
457 2477 507 2524 'cur
526 2486 588 2526 non
607 2464 636 2525 se
659 2463 798 2536 transtulit
818 2465 854 2524 ad
873 2466 972 2540 aiios,
997 2468 1031 2527 &

347 2544 473 2609 inanimi
484 2545 522 2618 ad
539 2540 653 2623 Stoicos
665 2545 676 2606 i
690 2565 791 2621 eorum
802 2548 878 2615 enim
894 2563 954 2607 erat
965 2570 1032 2626 pro,-

347 2625 413 2705 prin·
425 2623 476 2685 isia
493 2626 635 2689 dissensio.
654 2625 762 2708 Quid?
782 2648 849 2689 eum
869 2627 1031 2688 Mnesarchi

348 2707 541 2786 poenitebat?
567 2708 665 2789 quid?
692 2706 848 2769 Dardani?
877 2710 926 2788 qni
951 2725 1032 2775 erant

350 2782 475 2854 Athenis
491 2800 554 2847 tem
572 2789 719 2868 principes
736 2788 910 2850 Stoicorum.
933 2787 961 2847 N
965 2809 1032 2847 um-

352 2888 439 2947 quam
455 2887 471 2926 a
483 2867 604 2928 Philone
617 2868 761 2947 discessit,
775 2869 829 2933 nisi
845 2866 1033 2950 posteaquam

351 2946 411 3028 ipse
425 2950 533 3026 eoepit,
552 2949 601 3028 qui
616 2947 644 3008 se
657 2947 807 3020 audirent,
823 2949 940 3028 habere.

390 3046 442 3105 70.
457 3027 547 3091 Unde
560 3045 657 3112 autem
669 3028 763 3102 subiti>
775 3047 860 3095 vetus
873 3029 1035 3095 Academia
