2709 4017
334 492 1009 528 ω

348 532 997 546 w

321 559 573 688 vNOTibNffli
599 637 646 686 ts
677 615 1011 686 CORRIGENDA.·

358 740 442 810 Prior
461 771 586 810 numerus
605 751 738 830 paginam
750 792 762 820 ,
787 744 857 807 alter
883 747 984 806 lineam

615 832 732 889 indicat.

321 962 323 967 '
362 949 397 1000 P.
415 966 440 1000 2.
458 950 489 1000 L.
503 950 529 1001 6.
547 951 627 1001 Caruit
644 949 738 1000 omnino
762 950 827 1001 rebus
849 949 951 1000 urbanis.
976 951 1015 1002 lta

331 1034 430 1072 veteres
443 1022 520 1078 editi,
536 1039 590 1075 tum
606 1023 725 1088 plerisque
740 1023 872 1074 codicibus.
887 1022 1013 1086 Quidam,

332 1108 393 1160 quos
414 1092 534 1144 Gruterus
551 1088 674 1162 sequitui,
693 1094 802 1154 babent,
823 1094 899 1146 caruit
917 1093 1013 1145 omuino

331 1165 400 1216 rebus
421 1166 542 1224 inmanis,
559 1167 627 1232 'quoi
645 1165 729 1231 apett'e
746 1166 827 1216 falsum
846 1168 887 1218 est.

368 1254 403 1300 4,
424 1253 447 1289 1.
466 1235 591 1304 Totiusque
601 1238 659 1287 belli
669 1239 826 1300 instrumento.
836 1242 873 1289 Ita
885 1241 963 1290 codex
973 1254 1016 1288 re-

333 1310 406 1379 gius,
421 1327 490 1377 quem
504 1327 577 1360 unum
592 1311 683 1369 isthoc
700 1312 761 1359 libro
777 1328 825 1376 prae
846 1313 952 1367 manibus
971 1313 1017 1361 ha·

331 1383 444 1441 buimus,
463 1383 489 1432 δε
504 1383 540 1433 sic
556 1383 622 1433 dedit
641 1382 784 1440 Vidimus,
798 1383 871 1450 idque
887 1383 915 1434 P.
932 1382 1013 1433 Faber
1101 1385 1104 1392 '

333 1454 398 1505 tede
410 1455 507 1520 praefert
516 1457 614 1523 vulgato
624 1489 632 1513 ,
644 1454 806 1518 instrumentis.

335 1531 337 1535 '
370 1526 432 1578 lbid.
450 1528 495 1578 26.
518 1525 605 1577 Graecis
626 1526 712 1577 litteris
732 1527 850 1577 celebrata
868 1529 891 1577 d·
909 1526 1014 1578 Latinis.

333 1598 406 1648 Hunc
425 1600 531 1648 ordinem
548 1600 677 1669 vetborum
696 1601 773 1650 servat
790 1601 872 1668 regius
891 1617 944 1650 cum
962 1600 1018 1648 Da-

334 1671 439 1721 visianis.
452 1672 487 1743 ¹ln
504 1672 575 1723 editis
587 1686 637 1723 vox
651 1671 771 1723 celebrata
787 1673 886 1740 ponitur
905 1685 1017 1724 extremo

334 1745 400 1794 ioco.
763 1764 766 1768 ·
856 1743 859 1747 ’

374 1832 386 1876 5
402 1849 412 1872 ,
429 1832 472 1866 20.
491 1817 606 1884 Reliqui,
626 1816 727 1866 etiamsi
741 1817 786 1866 &c-
806 1817 915 1867 inserunt
929 1818 1016 1884 vulga·

333 1888 354 1937 ti
365 1890 476 1937 voculam
491 1889 548 1954 qui,
562 1906 631 1954 quam
646 1891 758 1957 ignorant
772 1890 880 1954 plerique
900 1889 1017 1948 codices,

336 1960 361 2010 in
375 1961 412 2011 his
428 1962 508 2028 regius
526 1995 533 2019 ‚
559 1961 600 2027 qui
618 1962 644 2011 &
662 1962 725 2010 iniri
744 1960 825 2011 scribit
836 1975 923 2030 putant
939 1995 947 2021 ,
966 1978 1017 2012 nott

335 2045 432 2098 putent.

371 2121 387 2168 7
404 2138 411 2162 ‚
425 2121 452 2167 7.
468 2105 557 2167 Nostra
570 2101 640 2170 causa
650 2102 754 2169 fitcilior
768 2105 807 2167 est.
825 2107 864 2156 ita
880 2105 960 2172 regius
971 2104 1017 2157 ms.
1103 2171 1104 2175 Ἰ

336 2193 391 2226 cum
407 2177 563 2233 Davisianis‚
581 2194 625 2242 pto
641 2177 741 2243 vulgato
752 2175 844 2242 facilis.

374 2249 435 2298 ibid.
457 2263 499 2309 14.
514 2247 678 2314 Antiquissimi
698 2249 721 2297 6·
738 2249 872 2300 doc‘iissimi.
891 2249 929 2300 ita
938 2248 1018 2300 Davi·

335 2320 364 2372 sii
381 2320 519 2371 codices&
536 2321 623 2372 noster.
644 2320 704 2370 Haec
721 2324 795 2371 verba
816 2322 877 2372 mal'e
893 2323 917 2371 in
933 2325 1021 2389 vuig'a·
1099 2317 1104 2329 ’

336 2393 367 2443 tis
384 2393 579 2458 transponuntur.
596 2390 672 2443 Paulo
691 2392 741 2458 post
758 2395 782 2443 in
796 2410 1020 2462 utramquepartem

335 2465 434 2514 dicendo
451 2483 461 2522 ,·
480 2465 570 2514 addunt
589 2465 648 2514 editi
665 2464 688 2513 ὃ·
705 2467 820 2515 audiendo
839 2499 847 2523 ‚
867 2482 924 2531 quas
944 2483 1020 2517 voces

343 2537 421 2587 isdem
441 2537 490 2587 mis.
508 2537 645 2594 obsecuti,
672 2553 727 2584 cum
756 2537 858 2587 Davisio
877 2538 1021 2589 delevimus.

372 2609 387 2658 8
403 2644 410 2666 ‚
431 2611 472 2659 16.
495 2609 563 2664 Sea,
583 2623 609 2657 ut
627 2607 767 2675 potuerint.
780 2604 931 2660 ..omnibus
951 2609 1019 2660 rebus

332 2680 472 2731 auditis...
488 2682 652 2745 judicaverunt
663 2698 672 2736 3
695 2698 725 2729 tm
749 2698 773 2731 re
788 2678 861 2748 semel
881 2682 977 2731 auditd.
991 2716 998 2730 .
1010 2717 1020 2733 .

333 2753 493 2804 contulerunt.
510 2755 547 2801 lta
561 2755 624 2802 bunc
637 2755 716 2802 locum
733 2755 867 2804 emendavit
886 2755 1019 2814 Muretus,

332 2843 408 2893 quem
419 2826 475 2874 vide
491 2827 553 2878 Var.
569 2825 635 2875 Led.
654 2841 691 2886 7,
711 2827 752 2876 18.
775 2826 882 2876 Codices
900 2826 990 2876 habent
1009 2859 1019 2886 ,

330 2894 378 2964 sed
391 2912 417 2945 ut
429 2913 570 2964 potuerunt.
581 2933 605 2948 ..
625 2896 727 2947 omnibus
743 2897 808 2947 rebus
819 2896 920 2946 auditis.
932 2931 958 2947 ..
972 2897 1023 2963 jie-

339 2969 496 3028 dicaverun23
514 2985 555 3021 aut
570 2987 595 3022 re
610 2966 685 3038 semi
699 2970 781 3022 audita
791 3004 798 3023 .
808 3003 832 3026 η
852 2969 1017 3034 contulerunt,

339 3041 410 3093 nullo
424 3041 500 3097 sensu.
1014 3040 1017 3044 ⁴

854 3113 907 3174 Zv.
