2709 4017
399 466 481 566 39'6
527 469 594 539 Da
632 482 957 558 ntrrrrttrrona,

399 587 478 646 hciat
499 587 532 647 &
550 586 674 646 attrahat
686 607 696 659 ;
710 589 875 660 rationem,
894 610 946 650 cur
965 589 997 650 id
1015 587 1093 666 flaui

399 665 501 728 afferre
529 687 703 747 nequeam;
741 665 802 727 fieri
829 672 953 731 omnino
988 693 1107 753 neges„

398 747 494 828 Quod
507 747 585 807 idem
603 748 673 807 iacis
690 750 718 805 in
737 748 938 824 divinatione3
957 753 1088 829 quam&

398 831 542 889 cernimus
563 831 636 907 ipsi,
656 827 687 886 δι
710 828 863 902 audimus,
888 830 921 889 ὃ(
943 831 1087 912 legimus,

398 908 432 968 &
449 908 606 987 apartibus
624 911 808 987 accepimus:
830 929 928 990 neque
940 928 1010 972 ante
1023 914 1087 993 phi·

396 987 558 1069 losophiam
574 987 767 1066 patefaiiam,
783 1009 846 1067 quas
861 1011 956 1069 nuper
968 995 1087 1052 inventa

399 1069 461 1142 est,
483 1070 535 1129 hac
551 1070 587 1126 de
609 1090 640 1128 re
661 1070 824 1128 communis
840 1075 902 1128 vita
921 1070 1085 1147 dubitavit,
1127 1131 1130 1134 ,

400 1151 455 1223 ἃ,
482 1148 583 1230 postea
602 1149 688 1230 quium
714 1149 894 1228 philosophia
921 1156 1085 1230 processit,

397 1250 489 1292 nemo
511 1229 593 1289 aliter
617 1228 804 1309 philosophus
828 1229 938 1302 sensit,
969 1235 998 1290 in
1026 1254 1084 1313 quo

394 1311 494 1375 mods
510 1308 580 1371 effer
595 1311 757 1369 autioritas.
769 1307 838 1367 Dixi
851 1310 886 1370 de
899 1308 1085 1393 Pythagora,

400 1392 438 1452 de
457 1391 635 1452 Democrito
654 1435 663 1461 ‚
694 1391 730 1449 de
747 1387 888 1449 Socrate:
917 1397 1023 1472 excepi
1048 1395 1084 1454 de

394 1473 542 1552 antiquis,
553 1468 879 1551 praeterXenophanem
891 1513 901 1542 ‚
918 1476 1084 1533 neminem:

396 1551 516 1626 adjunxi
535 1570 667 1610 veterem
687 1550 899 1621 Academiam,
918 1549 1086 1632 Peripateti·

397 1653 448 1692 cos
460 1676 473 1704 ,
484 1631 617 1690 Stoicos:
640 1650 712 1688 unus
726 1628 849 1690 diffentit
861 1629 1011 1709 Epicurus.
1022 1633 1084 1713 Qui

397 1713 473 1772 vero
484 1711 541 1769 hoc
551 1712 660 1790 turpius
669 1709 782 1849 ‚ssquim
794 1711 873 1792 quod
885 1711 964 1771 idem
977 1714 1084 1774 nullam

396 1791 485 1855 sensit
498 1794 648 1874 gratuitam
662 1811 678 1851 e
702 1812 719 1851 e
733 1791 888 1852 virtutem?

438 1873 505 1934 XL.
524 1872 601 1952 Quis
610 1870 652 1932 est
665 1891 880 1952 autem,quem
890 1891 1083 1950 nonmoveat

395 1955 557 2018 clarissimis
574 1954 768 2030 monumentis
786 1952 887 2011 testata
905 1958 1083 2036 consignata·

396 2058 454 2119 que
466 2038 617 2116 antiquitas
630 2033 641 2094 ἓ
656 2032 846 2093 Calchantem
863 2054 1003 2114 augurem
1016 2035 1097 2096 scri·-

396 2119 440 2178 bit
465 2118 614 2177 Homerus
639 2115 729 2195 longe
754 2116 925 2192 optimum,
957 2135 1082 2210 euntque

396 2198 504 2258 ducem
519 2198 650 2257 classium
665 2193 745 2254 fuisse
763 2193 799 2253 ad
815 2191 909 2252 Ilium.
926 2195 1083 2276 Auspicio·

395 2297 462 2337 tum
479 2276 569 2338 credo
589 2276 729 2347 sciendi,
750 2296 810 2334 non
834 2274 977 2337 locorum.
1004 2278 1082 2336 Am·

395 2356 550 2436 philochus.
560 2355 591 2414 &
600 2353 721 2433 Mopsus
732 2355 908 2436 Argivorum
921 2376 1004 2438 reges
1016 2357 1082 2417 fue·

395 2454 484 2511 runt,
507 2434 556 2496 fed
580 2435 669 2495 iidem
689 2455 809 2515 augures
820 2456 830 2508 3
854 2437 931 2514 iique
948 2438 1034 2497 urbes
1053 2440 1081 2497 in

395 2540 447 2580 ora
463 2518 604 2577 maritima
615 2513 725 2578 Ciliciae
736 2514 853 2576 Graecas
868 2517 1076 2578 condiderunt.

394 2630 397 2659 ς
436 2597 486 2658 88.
505 2598 605 2680 Atque
622 2599 711 2657 etiam
726 2612 792 2655 ante
809 2597 863 2654 hos
887 2595 1081 2676 Amphiaraus

396 2679 430 2741 &
442 2677 587 2750 Tiresias,
608 2698 669 2736 non
685 2677 807 2738 humiles
828 2676 860 2736 &
879 2676 1013 2751 obscuri,
1031 2697 1081 2738 ne.-

392 2781 449 2843 que
466 2779 570 2820 eorum
587 2757 717 2830 similes,
737 2774 768 2817 ut
785 2756 864 2835 apud
876 2753 1006 2818 Ennium
1022 2756 1083 2832 est,

396 2891 447 2964 Qui
456 2890 496 2960 sui
512 2888 606 2958 quaesttis
621 2890 692 2953 causti
698 2889 768 2956 strias
780 2885 898 2955 suscitant
909 2886 1041 2956 fintentr'as
1050 2923 1063 2945 s

389 3000 442 3066 sed
453 3003 521 3066 clari
531 3002 563 3064 ἃ
579 2995 745 3086 praeliantes
760 3001 837 3076 viri,
857 3000 909 3085 qui
926 2998 1028 3062 avibus
1042 2998 1080 3084 Ιδὲ
