<?xml version="1.0" encoding="UTF-8"?>
<!DOCTYPE html PUBLIC "-//W3C//DTD XHTML 1.0 Transitional//EN"
    "http://www.w3.org/TR/xhtml1/DTD/xhtml1-transitional.dtd">
<html xmlns="http://www.w3.org/1999/xhtml" xml:lang="en" lang="en">
 <head>
  <title>
</title>
<meta http-equiv="Content-Type" content="text/html;charset=utf-8" />
  <meta name='ocr-system' content='tesseract 3.04.00' />
  <meta name='ocr-capabilities' content='ocr_page ocr_carea ocr_par ocr_line ocrx_word'/>
</head>
<body>
  <div class='ocr_page' id='page_1' title='image "./mtulliiciceroni10lallgoog/mtulliiciceroni10lallgoog_0540.png"; bbox 0 0 2709 4017; ppageno 0'>
   <div class='ocr_carea' id='block_1_1' title="bbox 292 473 908 583">
    <p class='ocr_par' dir='ltr' id='par_1_1' title="bbox 292 473 908 583">
     <span class='ocr_line' id='line_1_1' title="bbox 292 473 908 583; baseline -0.013 -24"><span class='ocrx_word' id='word_1_1' title='bbox 292 485 373 583; x_wconf 79' lang='lat'>536·</span> <span class='ocrx_word' id='word_1_2' title='bbox 399 488 464 554; x_wconf 80' lang='lat' dir='ltr'>Da</span> <span class='ocrx_word' id='word_1_3' title='bbox 483 499 614 569; x_wconf 63' lang='lat' dir='ltr'>aare,</span> <span class='ocrx_word' id='word_1_4' title='bbox 640 482 726 550; x_wconf 83' lang='lat' dir='ltr'>Lra.</span> <span class='ocrx_word' id='word_1_5' title='bbox 746 497 868 552; x_wconf 71' lang='lat' dir='ltr'>stuc.</span> <span class='ocrx_word' id='word_1_6' title='bbox 903 473 908 481; x_wconf 81' lang='grc'><strong>’</strong></span> 
     </span>
    </p>
   </div>
   <div class='ocr_carea' id='block_1_2' title="bbox 282 595 1030 2427">
    <p class='ocr_par' dir='ltr' id='par_1_2' title="bbox 282 595 1030 1554">
     <span class='ocr_line' id='line_1_2' title="bbox 329 595 988 678; baseline 0 -21"><span class='ocrx_word' id='word_1_7' title='bbox 329 618 379 674; x_wconf 80' lang='grc'>47.</span> <span class='ocrx_word' id='word_1_8' title='bbox 396 598 471 659; x_wconf 89' lang='lat' dir='ltr'>Nam</span> <span class='ocrx_word' id='word_1_9' title='bbox 499 610 596 678; x_wconf 80' lang='lat' dir='ltr'>neque</span> <span class='ocrx_word' id='word_1_10' title='bbox 625 596 799 657; x_wconf 84' lang='lat' dir='ltr'>extrinsecus</span> <span class='ocrx_word' id='word_1_11' title='bbox 823 595 988 676; x_wconf 87' lang='lat' dir='ltr'>impulsam&#39;</span> 
     </span>
     <span class='ocr_line' id='line_1_3' title="bbox 288 676 979 749; baseline -0.003 -12"><span class='ocrx_word' id='word_1_12' title='bbox 288 694 419 739; x_wconf 88' lang='lat' dir='ltr'>atomum</span> <span class='ocrx_word' id='word_1_13' title='bbox 438 680 509 738; x_wconf 75' lang='lat' dir='ltr'>locd</span> <span class='ocrx_word' id='word_1_14' title='bbox 527 679 641 749; x_wconf 87' lang='lat' dir='ltr'>moveri</span> <span class='ocrx_word' id='word_1_15' title='bbox 658 676 701 736; x_wconf 91' lang='lat'>&amp;·</span> <span class='ocrx_word' id='word_1_16' title='bbox 712 677 861 736; x_wconf 90' lang='lat' dir='ltr'>declinare</span> <span class='ocrx_word' id='word_1_17' title='bbox 881 677 979 749; x_wconf 88' lang='lat' dir='ltr'>dicis;</span> 
     </span>
     <span class='ocr_line' id='line_1_4' title="bbox 288 754 975 836; baseline -0.003 -20"><span class='ocrx_word' id='word_1_18' title='bbox 288 776 384 836; x_wconf 87' lang='lat' dir='ltr'>neque</span> <span class='ocrx_word' id='word_1_19' title='bbox 397 760 427 816; x_wconf 91' lang='lat' dir='ltr'>in</span> <span class='ocrx_word' id='word_1_20' title='bbox 439 759 491 817; x_wconf 92' lang='lat' dir='ltr'>illo</span> <span class='ocrx_word' id='word_1_21' title='bbox 509 758 603 829; x_wconf 91' lang='lat' dir='ltr'>inani,</span> <span class='ocrx_word' id='word_1_22' title='bbox 620 775 672 834; x_wconf 88' lang='lat' dir='ltr'>pet</span> <span class='ocrx_word' id='word_1_23' title='bbox 688 756 769 836; x_wconf 90' lang='lat' dir='ltr'>quod</span> <span class='ocrx_word' id='word_1_24' title='bbox 783 754 895 815; x_wconf 82' lang='lat' dir='ltr'>feratur</span> <span class='ocrx_word' id='word_1_25' title='bbox 911 772 975 814; x_wconf 85' lang='lat' dir='ltr'>ato·</span> 
     </span>
     <span class='ocr_line' id='line_1_5' title="bbox 282 832 974 920; baseline -0.004 -23"><span class='ocrx_word' id='word_1_26' title='bbox 282 842 374 914; x_wconf 18' lang='lat' dir='ltr'>*mus3</span> <span class='ocrx_word' id='word_1_27' title='bbox 392 838 549 920; x_wconf 86' lang='lat' dir='ltr'><strong>quidquam</strong></span> <span class='ocrx_word' id='word_1_28' title='bbox 566 832 646 895; x_wconf 83' lang='lat' dir='ltr'>suille</span> <span class='ocrx_word' id='word_1_29' title='bbox 665 836 776 909; x_wconf 69' lang='lat' dir='ltr'>causae»,</span> <span class='ocrx_word' id='word_1_30' title='bbox 795 857 846 895; x_wconf 86' lang='lat' dir='ltr'>cur</span> <span class='ocrx_word' id='word_1_31' title='bbox 863 854 899 895; x_wconf 87' lang='lat' dir='ltr'>ea</span> <span class='ocrx_word' id='word_1_32' title='bbox 914 857 974 896; x_wconf 91' lang='lat' dir='ltr'>non</span> 
     </span>
     <span class='ocr_line' id='line_1_6' title="bbox 289 914 974 997; baseline -0.003 -21"><span class='ocrx_word' id='word_1_33' title='bbox 289 935 307 976; x_wconf 90' lang='lat' dir='ltr'>e</span> <span class='ocrx_word' id='word_1_34' title='bbox 328 917 473 997; x_wconf 85' lang='lat' dir='ltr'>regione,</span> <span class='ocrx_word' id='word_1_35' title='bbox 494 917 615 977; x_wconf 85' lang='lat' dir='ltr'>ferretur</span> <span class='ocrx_word' id='word_1_36' title='bbox 635 935 645 986; x_wconf 80' lang='lat'>3</span> <span class='ocrx_word' id='word_1_37' title='bbox 664 934 718 974; x_wconf 92' lang='lat' dir='ltr'>nec</span> <span class='ocrx_word' id='word_1_38' title='bbox 743 917 773 973; x_wconf 90' lang='lat' dir='ltr'>in</span> <span class='ocrx_word' id='word_1_39' title='bbox 791 914 851 995; x_wconf 90' lang='lat' dir='ltr'>ipsa</span> <span class='ocrx_word' id='word_1_40' title='bbox 873 932 974 975; x_wconf 88' lang='lat' dir='ltr'>aromo</span> 
     </span>
     <span class='ocr_line' id='line_1_7' title="bbox 289 992 974 1076; baseline -0.003 -20"><span class='ocrx_word' id='word_1_41' title='bbox 289 998 456 1056; x_wconf 80' lang='lat' dir='ltr'>mutationis</span> <span class='ocrx_word' id='word_1_42' title='bbox 466 995 571 1076; x_wconf 90' lang='lat' dir='ltr'>aliquid</span> <span class='ocrx_word' id='word_1_43' title='bbox 588 992 695 1053; x_wconf 68' lang='lat' dir='ltr'>fadum</span> <span class='ocrx_word' id='word_1_44' title='bbox 709 992 768 1067; x_wconf 89' lang='lat' dir='ltr'>est,</span> <span class='ocrx_word' id='word_1_45' title='bbox 782 996 974 1075; x_wconf 85' lang='lat' dir='ltr'>quamobrem</span> 
     </span>
     <span class='ocr_line' id='line_1_8' title="bbox 290 1072 1030 1155; baseline -0.001 -20"><span class='ocrx_word' id='word_1_46' title='bbox 290 1077 450 1136; x_wconf 81' lang='lat' dir='ltr'>naturalem</span> <span class='ocrx_word' id='word_1_47' title='bbox 467 1074 506 1134; x_wconf 87' lang='lat' dir='ltr'>sui</span> <span class='ocrx_word' id='word_1_48' title='bbox 523 1073 662 1155; x_wconf 88' lang='lat' dir='ltr'>ponderis</span> <span class='ocrx_word' id='word_1_49' title='bbox 683 1091 797 1133; x_wconf 88' lang='lat' dir='ltr'>motum</span> <span class='ocrx_word' id='word_1_50' title='bbox 814 1096 877 1135; x_wconf 92' lang='lat' dir='ltr'>non</span> <span class='ocrx_word' id='word_1_51' title='bbox 894 1093 975 1134; x_wconf 62' lang='lat' dir='ltr'>tenea</span> <span class='ocrx_word' id='word_1_52' title='bbox 1028 1072 1030 1076; x_wconf 69' lang='grc'><strong>’</strong></span> 
     </span>
     <span class='ocr_line' id='line_1_9' title="bbox 291 1151 973 1235; baseline 0 -22"><span class='ocrx_word' id='word_1_53' title='bbox 291 1171 345 1214; x_wconf 87' lang='lat' dir='ltr'>ret.</span> <span class='ocrx_word' id='word_1_54' title='bbox 368 1154 413 1213; x_wconf 88' lang='lat' dir='ltr'>lta</span> <span class='ocrx_word' id='word_1_55' title='bbox 440 1175 529 1235; x_wconf 91' lang='lat' dir='ltr'>quum</span> <span class='ocrx_word' id='word_1_56' title='bbox 548 1151 682 1213; x_wconf 86' lang='lat' dir='ltr'>attulillet</span> <span class='ocrx_word' id='word_1_57' title='bbox 701 1154 808 1212; x_wconf 90' lang='lat' dir='ltr'>nullam</span> <span class='ocrx_word' id='word_1_58' title='bbox 831 1153 973 1226; x_wconf 83' lang='lat' dir='ltr'>caulam,</span> 
     </span>
     <span class='ocr_line' id='line_1_10' title="bbox 292 1231 975 1314; baseline 0 -23"><span class='ocrx_word' id='word_1_59' title='bbox 292 1240 356 1314; x_wconf 85' lang='lat' dir='ltr'>qu&#39;ae</span> <span class='ocrx_word' id='word_1_60' title='bbox 383 1232 465 1293; x_wconf 86' lang='lat' dir='ltr'>istam</span> <span class='ocrx_word' id='word_1_61' title='bbox 492 1234 717 1294; x_wconf 85' lang='lat' dir='ltr'>declinationem</span> <span class='ocrx_word' id='word_1_62' title='bbox 742 1231 902 1308; x_wconf 86' lang='lat' dir='ltr'>efficeret,</span> <span class='ocrx_word' id='word_1_63' title='bbox 933 1250 975 1291; x_wconf 91' lang='lat' dir='ltr'>ta·</span> 
     </span>
     <span class='ocr_line' id='line_1_11' title="bbox 292 1312 975 1395; baseline 0 -23"><span class='ocrx_word' id='word_1_64' title='bbox 292 1330 363 1377; x_wconf 68' lang='lat' dir='ltr'>m·</span> <span class='ocrx_word' id='word_1_65' title='bbox 383 1313 490 1395; x_wconf 88' lang='lat' dir='ltr'>aliquid</span> <span class='ocrx_word' id='word_1_66' title='bbox 516 1314 570 1373; x_wconf 83' lang='lat' dir='ltr'>sibi</span> <span class='ocrx_word' id='word_1_67' title='bbox 597 1312 693 1372; x_wconf 84' lang='lat' dir='ltr'>dicere</span> <span class='ocrx_word' id='word_1_68' title='bbox 717 1312 865 1387; x_wconf 87' lang='lat' dir='ltr'>videtur,</span> <span class='ocrx_word' id='word_1_69' title='bbox 887 1333 975 1392; x_wconf 89' lang='lat' dir='ltr'>quum</span> 
     </span>
     <span class='ocr_line' id='line_1_12' title="bbox 293 1392 975 1473; baseline 0.001 -23"><span class='ocrx_word' id='word_1_70' title='bbox 293 1393 325 1453; x_wconf 91' lang='lat' dir='ltr'>id</span> <span class='ocrx_word' id='word_1_71' title='bbox 351 1393 426 1453; x_wconf 89' lang='lat' dir='ltr'>dicat</span> <span class='ocrx_word' id='word_1_72' title='bbox 444 1439 453 1467; x_wconf 91' lang='lat'><strong>‚</strong></span> <span class='ocrx_word' id='word_1_73' title='bbox 473 1394 554 1473; x_wconf 88' lang='lat' dir='ltr'>quod</span> <span class='ocrx_word' id='word_1_74' title='bbox 579 1394 709 1452; x_wconf 89' lang='lat' dir='ltr'>omnium</span> <span class='ocrx_word' id='word_1_75' title='bbox 736 1409 851 1453; x_wconf 85' lang='lat' dir='ltr'>mentes</span> <span class='ocrx_word' id='word_1_76' title='bbox 881 1392 975 1473; x_wconf 86' lang='lat' dir='ltr'>asper·</span> 
     </span>
     <span class='ocr_line' id='line_1_13' title="bbox 293 1473 619 1554; baseline -0.006 -22"><span class='ocrx_word' id='word_1_77' title='bbox 293 1491 400 1533; x_wconf 87' lang='lat' dir='ltr'>nentur</span> <span class='ocrx_word' id='word_1_78' title='bbox 420 1495 454 1533; x_wconf 91' lang='lat' dir='ltr'>ac</span> <span class='ocrx_word' id='word_1_79' title='bbox 475 1473 619 1554; x_wconf 83' lang='lat' dir='ltr'>respuant.</span> 
     </span>
    </p>

    <p class='ocr_par' dir='ltr' id='par_1_3' title="bbox 295 1550 982 2427">
     <span class='ocr_line' id='line_1_14' title="bbox 340 1550 977 1633; baseline 0.002 -22"><span class='ocrx_word' id='word_1_80' title='bbox 340 1551 456 1624; x_wconf 89' lang='lat' dir='ltr'>48.Nec</span> <span class='ocrx_word' id='word_1_81' title='bbox 467 1550 696 1633; x_wconf 88' lang='lat' dir='ltr'>veroquisquam</span> <span class='ocrx_word' id='word_1_82' title='bbox 706 1550 977 1632; x_wconf 81' lang='lat' dir='ltr'>magisconfitniare</span> 
     </span>
     <span class='ocr_line' id='line_1_15' title="bbox 295 1629 977 1705; baseline 0 -15"><span class='ocrx_word' id='word_1_83' title='bbox 295 1629 368 1690; x_wconf 92' lang='lat' dir='ltr'>mihi</span> <span class='ocrx_word' id='word_1_84' title='bbox 385 1632 500 1691; x_wconf 86' lang='lat' dir='ltr'>videtur</span> <span class='ocrx_word' id='word_1_85' title='bbox 528 1653 589 1692; x_wconf 89' lang='lat' dir='ltr'>non</span> <span class='ocrx_word' id='word_1_86' title='bbox 612 1631 705 1690; x_wconf 73' lang='lat' dir='ltr'>modi)</span> <span class='ocrx_word' id='word_1_87' title='bbox 730 1630 849 1705; x_wconf 91' lang='lat' dir='ltr'>fatum,</span> <span class='ocrx_word' id='word_1_88' title='bbox 876 1634 977 1692; x_wconf 76' lang='lat' dir='ltr'>verum</span> 
     </span>
     <span class='ocr_line' id='line_1_16' title="bbox 296 1710 978 1771; baseline 0.006 -5"><span class='ocrx_word' id='word_1_89' title='bbox 296 1711 384 1767; x_wconf 82' lang='lat' dir='ltr'>etiam</span> <span class='ocrx_word' id='word_1_90' title='bbox 406 1712 610 1771; x_wconf 86' lang='lat' dir='ltr'>necessitatem</span> <span class='ocrx_word' id='word_1_91' title='bbox 634 1711 666 1769; x_wconf 76' lang='grc' dir='ltr'>δι</span> <span class='ocrx_word' id='word_1_92' title='bbox 686 1710 746 1770; x_wconf 90' lang='lat' dir='ltr'>vim</span> <span class='ocrx_word' id='word_1_93' title='bbox 770 1714 903 1770; x_wconf 89' lang='lat' dir='ltr'>omnium</span> <span class='ocrx_word' id='word_1_94' title='bbox 931 1731 978 1771; x_wconf 85' lang='lat' dir='ltr'>re·</span> 
     </span>
     <span class='ocr_line' id='line_1_17' title="bbox 295 1788 977 1872; baseline 0.003 -24"><span class='ocrx_word' id='word_1_95' title='bbox 295 1807 361 1848; x_wconf 89' lang='lat' dir='ltr'>rum</span> <span class='ocrx_word' id='word_1_96' title='bbox 377 1833 387 1860; x_wconf 91' lang='lat'>,</span> <span class='ocrx_word' id='word_1_97' title='bbox 406 1788 597 1872; x_wconf 82' lang='lat' dir='ltr'>sustulisseque</span> <span class='ocrx_word' id='word_1_98' title='bbox 617 1808 714 1849; x_wconf 87' lang='lat' dir='ltr'>motus</span> <span class='ocrx_word' id='word_1_99' title='bbox 733 1793 820 1849; x_wconf 90' lang='lat' dir='ltr'>animi</span> <span class='ocrx_word' id='word_1_100' title='bbox 839 1791 977 1850; x_wconf 86' lang='lat' dir='ltr'>volunta·</span> 
     </span>
     <span class='ocr_line' id='line_1_18' title="bbox 297 1868 978 1950; baseline 0.007 -24"><span class='ocrx_word' id='word_1_101' title='bbox 297 1870 379 1940; x_wconf 85' lang='lat' dir='ltr'>rios,</span> <span class='ocrx_word' id='word_1_102' title='bbox 399 1870 485 1950; x_wconf 71' lang='lat' dir='ltr'>quim</span> <span class='ocrx_word' id='word_1_103' title='bbox 505 1869 573 1944; x_wconf 91' lang='lat' dir='ltr'>hic,</span> <span class='ocrx_word' id='word_1_104' title='bbox 592 1872 641 1949; x_wconf 92' lang='lat' dir='ltr'>qui</span> <span class='ocrx_word' id='word_1_105' title='bbox 656 1869 738 1929; x_wconf 85' lang='lat' dir='ltr'>aliter</span> <span class='ocrx_word' id='word_1_106' title='bbox 757 1868 895 1931; x_wconf 84' lang='lat' dir='ltr'>obsistere</span> <span class='ocrx_word' id='word_1_107' title='bbox 917 1869 978 1931; x_wconf 86' lang='lat' dir='ltr'>fato</span> 
     </span>
     <span class='ocr_line' id='line_1_19' title="bbox 297 1945 979 2028; baseline 0.001 -18"><span class='ocrx_word' id='word_1_108' title='bbox 297 1945 402 2010; x_wconf 81' lang='lat' dir='ltr'>fatetur</span> <span class='ocrx_word' id='word_1_109' title='bbox 420 1948 449 2009; x_wconf 84' lang='lat' dir='ltr'>se</span> <span class='ocrx_word' id='word_1_110' title='bbox 468 1971 528 2008; x_wconf 90' lang='lat' dir='ltr'>non</span> <span class='ocrx_word' id='word_1_111' title='bbox 543 1948 685 2028; x_wconf 85' lang='lat' dir='ltr'>potuille‚</span> <span class='ocrx_word' id='word_1_112' title='bbox 698 1949 751 2006; x_wconf 80' lang='lat' dir='ltr'>nisi</span> <span class='ocrx_word' id='word_1_113' title='bbox 772 1950 809 2008; x_wconf 91' lang='lat' dir='ltr'>ad</span> <span class='ocrx_word' id='word_1_114' title='bbox 828 1951 879 2010; x_wconf 81' lang='lat' dir='ltr'>lias</span> <span class='ocrx_word' id='word_1_115' title='bbox 894 1971 979 2011; x_wconf 88' lang='lat' dir='ltr'>com·</span> 
     </span>
     <span class='ocr_line' id='line_1_20' title="bbox 299 2027 977 2111; baseline -0.001 -21"><span class='ocrx_word' id='word_1_116' title='bbox 299 2030 443 2090; x_wconf 86' lang='lat' dir='ltr'>mentitias</span> <span class='ocrx_word' id='word_1_117' title='bbox 462 2029 669 2089; x_wconf 86' lang='lat' dir='ltr'>declinationes</span> <span class='ocrx_word' id='word_1_118' title='bbox 686 2027 856 2111; x_wconf 84' lang='lat' dir='ltr'>confugillet</span> <span class='ocrx_word' id='word_1_119' title='bbox 872 2051 879 2088; x_wconf 92' lang='lat'>:</span> <span class='ocrx_word' id='word_1_120' title='bbox 894 2051 977 2102; x_wconf 83' lang='lat' dir='ltr'>nam,</span> 
     </span>
     <span class='ocr_line' id='line_1_21' title="bbox 299 2105 979 2190; baseline -0.003 -21"><span class='ocrx_word' id='word_1_121' title='bbox 299 2126 331 2169; x_wconf 85' lang='lat' dir='ltr'>ut</span> <span class='ocrx_word' id='word_1_122' title='bbox 349 2105 438 2170; x_wconf 83' lang='lat' dir='ltr'>effent</span> <span class='ocrx_word' id='word_1_123' title='bbox 456 2111 567 2182; x_wconf 87' lang='lat' dir='ltr'>atomi,</span> <span class='ocrx_word' id='word_1_124' title='bbox 586 2118 656 2190; x_wconf 85' lang='lat' dir='ltr'>quas</span> <span class='ocrx_word' id='word_1_125' title='bbox 667 2109 791 2188; x_wconf 14' lang='lat' dir='ltr'>squidem</span> <span class='ocrx_word' id='word_1_126' title='bbox 809 2109 891 2181; x_wconf 85' lang='lat' dir='ltr'>elle,</span> <span class='ocrx_word' id='word_1_127' title='bbox 909 2111 979 2169; x_wconf 89' lang='lat' dir='ltr'>mihi</span> 
     </span>
     <span class='ocr_line' id='line_1_22' title="bbox 298 2187 982 2267; baseline 0.004 -22"><span class='ocrx_word' id='word_1_128' title='bbox 298 2188 416 2266; x_wconf 86' lang='lat' dir='ltr'>probari</span> <span class='ocrx_word' id='word_1_129' title='bbox 439 2188 519 2247; x_wconf 90' lang='lat' dir='ltr'>nullo</span> <span class='ocrx_word' id='word_1_130' title='bbox 548 2187 639 2248; x_wconf 76' lang='lat' dir='ltr'>mado</span> <span class='ocrx_word' id='word_1_131' title='bbox 670 2187 789 2267; x_wconf 80' lang='lat' dir='ltr'>potest3</span> <span class='ocrx_word' id='word_1_132' title='bbox 811 2206 909 2249; x_wconf 88' lang='lat' dir='ltr'>tamen</span> <span class='ocrx_word' id='word_1_133' title='bbox 930 2190 982 2248; x_wconf 91' lang='lat' dir='ltr'>de·</span> 
     </span>
     <span class='ocr_line' id='line_1_23' title="bbox 299 2266 978 2348; baseline 0.003 -24"><span class='ocrx_word' id='word_1_134' title='bbox 299 2266 470 2327; x_wconf 88' lang='lat' dir='ltr'>clinationes</span> <span class='ocrx_word' id='word_1_135' title='bbox 494 2266 551 2327; x_wconf 84' lang='lat' dir='ltr'>istae</span> <span class='ocrx_word' id='word_1_136' title='bbox 576 2289 732 2348; x_wconf 87' lang='lat' dir='ltr'>numquam</span> <span class='ocrx_word' id='word_1_137' title='bbox 760 2269 978 2348; x_wconf 82' lang='lat' dir='ltr'>explicarentur.</span> 
     </span>
     <span class='ocr_line' id='line_1_24' title="bbox 300 2343 976 2427; baseline 0.003 -25"><span class='ocrx_word' id='word_1_138' title='bbox 300 2343 378 2402; x_wconf 87' lang='lat' dir='ltr'>Nam</span> <span class='ocrx_word' id='word_1_139' title='bbox 405 2347 429 2402; x_wconf 87' lang='lat' dir='ltr'>si</span> <span class='ocrx_word' id='word_1_140' title='bbox 454 2349 584 2417; x_wconf 86' lang='lat' dir='ltr'>atomis,</span> <span class='ocrx_word' id='word_1_141' title='bbox 604 2365 635 2407; x_wconf 91' lang='lat' dir='ltr'>ut</span> <span class='ocrx_word' id='word_1_142' title='bbox 663 2349 802 2427; x_wconf 83' lang='lat' dir='ltr'>gravitate</span> <span class='ocrx_word' id='word_1_143' title='bbox 831 2347 976 2417; x_wconf 86' lang='lat' dir='ltr'>ferantur,</span> 
     </span>
    </p>
   </div>
   <div class='ocr_carea' id='block_1_3' title="bbox 299 2422 980 2884">
    <p class='ocr_par' dir='ltr' id='par_1_4' title="bbox 299 2422 980 2884">
     <span class='ocr_line' id='line_1_25' title="bbox 299 2422 977 2507; baseline -0.001 -23"><span class='ocrx_word' id='word_1_144' title='bbox 299 2424 443 2507; x_wconf 32' lang='lat' dir='ltr'>tributum·</span> <span class='ocrx_word' id='word_1_145' title='bbox 465 2422 506 2483; x_wconf 88' lang='lat' dir='ltr'>est</span> <span class='ocrx_word' id='word_1_146' title='bbox 529 2428 701 2484; x_wconf 85' lang='lat' dir='ltr'>necessitate</span> <span class='ocrx_word' id='word_1_147' title='bbox 728 2444 835 2486; x_wconf 87' lang='lat' dir='ltr'>naturae</span> <span class='ocrx_word' id='word_1_148' title='bbox 862 2472 871 2500; x_wconf 91' lang='lat'>,</span> <span class='ocrx_word' id='word_1_149' title='bbox 902 2425 977 2507; x_wconf 73' lang='lat' dir='ltr'>quiid</span> 
     </span>
     <span class='ocr_line' id='line_1_26' title="bbox 301 2505 978 2584; baseline 0.003 -22"><span class='ocrx_word' id='word_1_150' title='bbox 301 2524 390 2563; x_wconf 88' lang='lat' dir='ltr'>omne</span> <span class='ocrx_word' id='word_1_151' title='bbox 405 2505 531 2584; x_wconf 83' lang='lat' dir='ltr'>pondus,</span> <span class='ocrx_word' id='word_1_152' title='bbox 543 2506 978 2584; x_wconf 79' lang='lat' dir='ltr'>nulllreimpediente‚movea·</span> 
     </span>
     <span class='ocr_line' id='line_1_27' title="bbox 301 2581 978 2665; baseline 0.006 -25"><span class='ocrx_word' id='word_1_153' title='bbox 301 2599 347 2649; x_wconf 86' lang='lat' dir='ltr'>tur</span> <span class='ocrx_word' id='word_1_154' title='bbox 367 2583 397 2641; x_wconf 85' lang='lat'>&amp;</span> <span class='ocrx_word' id='word_1_155' title='bbox 415 2583 522 2644; x_wconf 85' lang='lat' dir='ltr'>feratur</span> <span class='ocrx_word' id='word_1_156' title='bbox 536 2583 656 2660; x_wconf 78' lang='lat' dir='ltr'>¹accelle-</span> <span class='ocrx_word' id='word_1_157' title='bbox 672 2581 713 2643; x_wconf 81' lang='lat' dir='ltr'>est</span> <span class='ocrx_word' id='word_1_158' title='bbox 735 2604 744 2655; x_wconf 92' lang='lat'>;</span> <span class='ocrx_word' id='word_1_159' title='bbox 766 2585 837 2643; x_wconf 91' lang='lat' dir='ltr'>illud</span> <span class='ocrx_word' id='word_1_160' title='bbox 864 2593 978 2665; x_wconf 77' lang='lat' dir='ltr'>quoque</span> 
     </span>
     <span class='ocr_line' id='line_1_28' title="bbox 301 2661 980 2743; baseline -0.001 -21"><span class='ocrx_word' id='word_1_161' title='bbox 301 2661 415 2723; x_wconf 81' lang='lat' dir='ltr'>necelle</span> <span class='ocrx_word' id='word_1_162' title='bbox 434 2663 496 2734; x_wconf 84' lang='lat' dir='ltr'>est,</span> <span class='ocrx_word' id='word_1_163' title='bbox 514 2664 658 2724; x_wconf 87' lang='lat' dir='ltr'>declinare</span> <span class='ocrx_word' id='word_1_164' title='bbox 681 2663 845 2743; x_wconf 85' lang='lat' dir='ltr'>quibusdam</span> <span class='ocrx_word' id='word_1_165' title='bbox 857 2668 980 2736; x_wconf 89' lang='lat' dir='ltr'>atomis,</span> 
     </span>
     <span class='ocr_line' id='line_1_29' title="bbox 302 2743 980 2814; baseline 0 -11"><span class='ocrx_word' id='word_1_166' title='bbox 302 2743 374 2814; x_wconf 81' lang='lat' dir='ltr'>vel,</span> <span class='ocrx_word' id='word_1_167' title='bbox 394 2745 417 2803; x_wconf 89' lang='lat' dir='ltr'>si</span> <span class='ocrx_word' id='word_1_168' title='bbox 436 2743 539 2802; x_wconf 88' lang='lat' dir='ltr'>volunt</span> <span class='ocrx_word' id='word_1_169' title='bbox 552 2787 562 2813; x_wconf 94' lang='lat'>‚</span> <span class='ocrx_word' id='word_1_170' title='bbox 583 2743 717 2802; x_wconf 87' lang='lat' dir='ltr'>omnibus</span> <span class='ocrx_word' id='word_1_171' title='bbox 735 2745 917 2805; x_wconf 87' lang='lat' dir='ltr'>naturaliter.</span> <span class='ocrx_word' id='word_1_172' title='bbox 930 2785 938 2802; x_wconf 88' lang='lat'>.</span> <span class='ocrx_word' id='word_1_173' title='bbox 949 2783 980 2803; x_wconf 86' lang='grc'>..</span> 
     </span>
     <span class='ocr_line' id='line_1_30' title="bbox 304 2830 570 2884; baseline 0.004 -3"><span class='ocrx_word' id='word_1_174' title='bbox 304 2830 388 2882; x_wconf 79' lang='lat' dir='ltr'>Multa</span> <span class='ocrx_word' id='word_1_175' title='bbox 400 2833 570 2884; x_wconf 70' lang='lat' dir='ltr'>desiderantur.</span> 
     </span>
    </p>
   </div>
   <div class='ocr_carea' id='block_1_4' title="bbox 536 2978 746 3061">
    <p class='ocr_par' dir='ltr' id='par_1_5' title="bbox 536 2978 746 3061">
     <span class='ocr_line' id='line_1_31' title="bbox 536 2978 746 3061; baseline 0.019 -20"><span class='ocrx_word' id='word_1_176' title='bbox 536 2978 746 3061; x_wconf 37' lang='lat' dir='ltr'>,arura</span> 
     </span>
    </p>
   </div>
   <div class='ocr_carea' id='block_1_5' title="bbox 222 3263 316 3515">
    <p class='ocr_par' dir='ltr' id='par_1_6' title="bbox 222 3263 316 3515">
     <span class='ocr_line' id='line_1_32' title="bbox 222 3263 316 3515; baseline 0 0"><span class='ocrx_word' id='word_1_177' title='bbox 222 3263 316 3515; x_wconf 77' lang='lat' dir='ltr'>lt</span> 
     </span>
    </p>
   </div>
   <div class='ocr_carea' id='block_1_6' title="bbox 0 0 1385 4017">
    <p class='ocr_par' dir='ltr' id='par_1_7' title="bbox 0 0 1385 4017">
     <span class='ocr_line' id='line_1_33' title="bbox 0 0 1385 4017; baseline 0 0"><span class='ocrx_word' id='word_1_178' title='bbox 0 0 1385 4017; x_wconf 95' lang='lat' dir='ltr'> </span> 
     </span>
    </p>
   </div>
  </div>
 </body>
</html>
