2709 4017
388 518 468 601 414
520 503 586 573 Do
617 516 926 573 mmmmm
940 526 954 587 ,-

387 620 554 702 sanguinem
571 616 699 689 haheat,
713 616 775 676 sine
794 614 886 676 corde
901 615 962 678 effe
974 617 1080 700 ,poffei

391 700 463 780 Qui
493 698 543 759 ille
568 699 610 758 rei
626 698 763 757 'novitate
784 695 971 833 genulfus,
998 721 1082 781 quum

390 781 533 861 Spurinna
561 779 671 851 diceret
690 777 781 849 cimon
804 795 854 835 um
878 775 939 839 effe
955 814 976 853 ,·
994 802 1033 843 ne
1054 783 1082 843 δι

388 861 559 931 consilium,
585 858 617 920 &
632 859 695 920 vita
708 853 867 928 deficerem
884 877 990 920 earum
1007 864 1082 923 enim

391 961 487 1002 rerum
499 957 650 1027 utramque
664 934 953 1016 acorduproficiscit
970 940 1083 1022 postero

392 1023 440 1081 die
458 1036 543 1100 caput
556 1022 585 1078 in
604 1037 704 1098 Jecore
723 1038 783 1077 non
796 1015 861 1077 fuit.
874 1016 957 1096 Quae
970 1022 1083 1102 quidem

391 1103 432 1162 illi
449 1099 699 1181 portendebantur
711 1119 728 1156 a
742 1097 795 1157 diis
807 1099 1025 1161 immortalibus
1035 1145 1046 1176 ,
1055 1121 1083 1162 ut

392 1181 506 1243 videret
523 1182 691 1251 interitum,
711 1196 774 1251 non
784 1195 816 1237 ut
825 1197 964 1239 caveret.
981 1179 1083 1261 Quum

388 1264 478 1345 igitur
496 1281 537 1323 eae
551 1278 646 1341 partes
659 1262 689 1322 in
706 1261 780 1319 extis
799 1276 861 1318 non
880 1263 1083 1343 reperiuntur,

394 1347 457 1403 sine
472 1342 574 1423 quibus
596 1339 713 1402 viiiima
730 1339 779 1399 iila
796 1339 902 1400 vivere
926 1359 966 1400 ne
989 1340 1083 1416 uiuet,

395 1421 617 1505 intelligendum
639 1418 703 1492 est,
731 1421 760 1479 in
785 1417 848 1498 ipso
876 1421 972 1487 immo
1002 1424 1084 1483 tionis

395 1519 532 1640 coffipore
558 1522 606 1562 eas
625 1518 723 1580 partes
741 1543 752 1574 ,
778 1519 843 1581 quae
861 1499 961 1561 ausint
972 1544 997 1576 ,.
1010 1506 1085 1564 inte·

397 1604 420 1642 n
444 1603 472 1641 e.
747 1628 750 1633 .

438 1658 517 1722 Llll.
536 1657 707 1738 Eademque
719 1656 808 1719 efficit
821 1659 851 1718 in
869 1660 975 1721 avibus
992 1662 1086 1725 divine

396 1762 504 1814 mens,
521 1758 552 1800 uc
567 1756 630 1798 tum
648 1739 724 1812 huc,
745 1756 807 1797 sum
822 1740 889 1800 illuc
912 1742 1019 1803 volent
1037 1743 1086 1803 uli-

398 1839 466 1897 tus3
484 1822 590 1882 cumin
610 1820 686 1893 hac,
707 1837 769 1879 tum
783 1820 813 1878 in
828 1820 876 1881 illa
891 1840 978 1899 porto
993 1822 1024 1883 fe
1037 1843 1087 1883 oc·

399 1905 508 1966 cultent
519 1922 527 1974 3
538 1918 600 1961 tum
612 1923 628 1962 a
641 1902 761 1972 dextra,
779 1915 841 1959 tum
853 1922 868 1958 a
880 1899 996 1963 sinistra
1009 1916 1087 1984 poste

400 2002 505 2046 canant
520 1982 640 2043 oscines.
658 1979 734 2041 Nam
758 1980 781 2038 si
802 1980 909 2040 animal
926 2000 1040 2056 omne,
1056 1998 1086 2043 ut

400 2067 485 2140 vult,
499 2067 537 2124 ita
553 2065 640 2122 utitur
651 2077 735 2120 motu
747 2059 787 2119 sui
804 2063 958 2140 corporis,
974 2082 1087 2143 prono,

401 2143 651 2228 obliquo‚,supino
665 2162 674 2214 ;
690 2141 880 2222 membraque
900 2153 1087 2224 quocumque

399 2228 485 2299 vult,
505 2223 593 2284 fleciit
604 2269 615 2295 ‚
627 2237 821 2302 contorquet,
844 2225 965 2305 porrigit
979 2256 997 2298 9
1015 2244 1088 2284 cou-

399 2307 507 2377 trahit3
529 2324 622 2382 eaque
637 2304 704 2361 anto
717 2301 804 2362 efficit
816 2322 914 2382 pene,
936 2303 1026 2386 quim
1039 2325 1088 2363 co·

401 2388 485 2469 gitat:
507 2384 616 2466 quanto
630 2383 659 2443 id
672 2384 731 2444 deo
743 2381 783 2444 est
796 2383 926 2458 facilius,
943 2383 1027 2465 cujus
1039 2404 1089 2444 nu·

402 2468 472 2529 mini
486 2482 588 2549 parent
603 2468 701 2524 omnia
713 2464 725 2524 i

448 2568 513 2609 121.
533 2547 673 2627 Idemque
689 2546 775 2607 mittit
790 2543 820 2604 &
835 2545 1014 2683 siffinanobis
1026 2540 1090 2620 ejus

403 2634 537 2712 generis,
552 2629 646 2708 qualia
663 2624 807 2707 permulta
819 2624 848 2684 hi
873 2626 935 2685 oria
950 2625 1089 2696 tradidit3

404 2713 491 2792 quale
517 2709 652 2787 scriptum
677 2706 748 2765 illud
775 2705 939 2767 videmus·
964 2703 999 2771 ‚Si
1026 2705 1091 2765 lum

426 2794 492 2852 aulo
506 2806 573 2850 ante
591 2785 656 2845 solis
675 2804 770 2846 orcum
790 2783 938 2846 defecisset
960 2787 990 2846 iu
1006 2785 1091 2866 signo

403 2813 533 2941 ieonis,
555 2866 639 2938 fore,
651 2883 683 2925 ut
700 2870 785 2925 armis
802 2865 932 2940 Durius,
950 2866 984 2927 &
1000 2863 1091 2927 Perse

404 2952 440 3011 ab
459 2946 627 3012 Alexandro
648 2946 681 3006 &
703 2946 917 3008 Macedonibus
933 2946 1092 3007 vinceren-

403 3048 470 3107 tur,
490 3025 650 3108 Duriusque
668 3046 847 3090 moreretur:
869 3028 925 3102 &,
948 3030 974 3089 si
995 3025 1094 3110 puelia
