2709 4017
403 443 559 512 Lruen
588 458 826 514 rsnrros.
895 463 975 535 299

282 559 352 624 dem
367 578 525 638 numquam
544 558 642 620 audivi
657 578 665 617 ε
685 558 757 633 tibi,
774 559 797 618 si
815 574 846 619 te
863 556 974 620 audille

280 641 373 713 dicis,
393 639 527 700 credam:
546 641 620 712 etsi,
638 638 751 700 Faunus
766 641 888 704 omnino
897 638 968 721 quid

280 720 463 793 sin—nescio.
965 754 969 763 ν

322 797 392 862 Vll.
415 799 486 860 Non
506 801 514 858 i
536 800 592 858 itur
609 799 722 874 adhuc,
745 817 886 881 quantum
903 801 971 882 qui·

270 880 352 948 ,dem
369 885 400 942 in
418 897 448 940 te
469 923 479 953 ,
513 821 630 955 dalle,
657 879 720 955 est,
747 882 879 962 intelligo
897 881 975 943 deos·

280 959 357 1025 effe:
377 982 452 1044 quos
471 961 608 1040 equidem
628 960 718 1021 credo
738 960 816 1033 elle,
837 962 887 1023 sed
899 962 973 1027 nihil

280 1042 389 1104 docent
405 1041 507 1101 Stoici.
536 1040 614 1101 Nam
636 1040 815 1115 Cleanthes,
837 1060 869 1102 ut
888 1042 972 1106 dices

278 1122 359 1198 has,
387 1138 512 1203 quatuor
532 1121 629 1182 modis
651 1120 789 1183 formatas
814 1126 843 1182 in
865 1124 969 1184 animis

279 1203 434 1264 hominurn
464 1217 546 1282 putat
577 1202 701 1262 deorum
730 1201 787 1264 elle
821 1206 971 1267 notionem

279 1283 366 1344 Unus
384 1287 408 1343 is
423 1282 528 1343 modus
543 1281 604 1355 est,
626 1283 663 1343 de
677 1303 737 1364 quo
750 1282 814 1345 satis
828 1284 904 1356 dixi,
917 1284 970 1364 qui

280 1362 324 1427 est
340 1363 482 1445 susceptus
495 1383 531 1422 ex
544 1361 736 1444 praesensione
753 1383 849 1425 rerum
862 1363 970 1425 futurae

279 1464 367 1505 rum:
386 1444 458 1505 alter
474 1463 511 1503 ex
527 1443 790 1525 perturbationibus
806 1443 967 1526 tempesta-

240 1532 243 1536 '
281 1542 362 1599 turn,
382 1525 414 1585 ὃ(
430 1526 546 1604 reliquis
558 1525 686 1586 motibus
699 1546 707 1585 ι
721 1527 821 1586 tertius
833 1546 870 1586 ex
880 1545 969 1587 com-

279 1604 421 1667 moditate
447 1626 570 1679 rerum,
604 1627 675 1687 quas
700 1609 905 1688 percipimus,
934 1607 967 1670 &

280 1689 386 1768 topia:
405 1702 521 1769 quartus
538 1705 575 1747 ex
594 1686 732 1747 astrorum
754 1688 880 1760 ordine,
904 1708 969 1748 coe-

278 1765 540 1848 liqueiconstantia.
558 1765 609 1826 De
624 1767 815 1847 praesensione
833 1769 969 1830 diximus.

279 1845 333 1911 De
346 1847 605 1927 perturbationibus
625 1845 807 1921 coelestibus,
831 1849 863 1908 &
882 1850 970 1908 mari·

279 1929 381 2002 timis,
400 1929 432 1988 δι
447 1929 589 2002 terrenis,
610 1949 671 1988 non
688 1925 835 2008 postumus
852 1927 971 2003 dicere,

279 2029 371 2090 quum
384 2027 418 2068 ea
436 2006 528 2084 fiant,
546 2030 606 2068 non
618 2007 674 2069 elle
695 2009 827 2082 multos,
844 2012 896 2089 qui
917 2009 967 2071 illa

279 2106 432 2161 metuant,
451 2090 484 2148 ὃ(
502 2089 582 2160 adiis
594 2090 803 2149 immortalibus
820 2086 882 2149 fieri
897 2087 985 2152 exiss'

279 2171 394 2231 timent.
412 2167 471 2229 Sed
489 2191 549 2230 non
571 2171 601 2228 id
626 2172 782 2250 quaeritur,
800 2171 895 2231 sintne
912 2171 969 2229 ali·

279 2253 350 2332 qui,
365 2251 415 2331 qui
432 2248 504 2310 deos
521 2247 578 2311 elle
597 2267 721 2332 puteum
733 2251 772 2312 dii
787 2253 883 2314 utrirm
893 2254 970 2328 sint,
993 2284 995 2289 v

281 2350 396 2405 necne,
409 2335 553 2411 quatitur.

326 2430 372 2487 17·
393 2409 469 2471 Nam
485 2412 601 2490 reliquae
621 2411 736 2486 causae,
761 2434 837 2495 quas
856 2411 970 2478 Clean-0

280 2491 346 2554 thes
366 2489 469 2565 affert,
489 2513 609 2573 quarum
631 2514 689 2552 una
713 2490 754 2553 est
776 2494 814 2554 de
832 2515 970 2555 commo·-

282 2573 408 2644 dorum,
424 2592 487 2653 quae
506 2576 635 2653 capimus
656 2617 666 2647 ,
686 2575 771 2653 copia
790 2594 801 2646 ς
825 2574 914 2636 altera
931 2575 972 2636 de

247 2654 250 2658 ’
281 2668 448 2732 temporum
474 2653 606 2727 ordine,
632 2652 760 2735 coelique
786 2653 974 2728 constantie}

281 2749 345 2793 rum
358 2733 551 2793 mediabuntur
570 2756 588 2794 a
606 2735 711 2808 nobis,
730 2755 830 2814 quum:
845 2736 881 2795 de
901 2756 971 2813 pro·

280 2812 414 2874 videntia
440 2815 562 2874 deorum
591 2813 828 2896 disputabimus,
855 2815 973 2894 deque

280 2894 407 2977 plurima
424 2916 439 2953 a
454 2914 506 2966 te,
527 2893 637 2969 Balbe,
658 2894 734 2955 dieta
747 2895 828 2955 suntt·
846 2893 972 2955 ebdem-

282 2994 342 3057 que
359 2975 409 3036 illa
429 2978 517 3038 etiam
531 2974 726 3054 differemus,
744 2973 989 3116 quaeNClrrysipv'

840 3076 874 3136 Vi
