2709 4017
437 523 904 601 zrrrrsrconnrn
944 534 1027 625 ‘253

335 641 434 717 dens,
448 644 525 704 diem
542 644 718 726 nociemque
732 644 865 706 conficit:
883 644 915 706 &
931 648 1024 708 modh

336 725 499 797 accedens,
520 739 582 783 turn
600 741 696 785 autem
715 727 874 800 recedens,
892 727 973 786 binas
991 730 1022 788 in

335 805 457 886 singulis
489 807 570 863 annis
605 807 788 866 reversiones
819 806 857 866 ah
890 823 1023 867 extremo

336 886 496 945 contrarias
514 882 609 943 facit:
635 905 756 1023 §uarum
781 885 935 946 intervallo
960 903 1024 946 tum

336 967 419 1046 quasi
442 961 555 1031 tristitia.
580 984 634 1044 qua
657 985 704 1024 am
726 966 868 1027 contrahit
885 982 991 1027 terram
1012 1010 1024 1041 ‚

335 1061 400 1104 tum
412 1044 538 1104 vicissim
554 1042 698 1116 latificat,
716 1062 748 1105 ut
771 1065 837 1106 cum
857 1046 933 1107 coelo
949 1045 1026 1117 hilaq

334 1141 399 1184 rata
412 1124 555 1184 videatur.

350 1212 357 1245 ί
381 1220 448 1282 ¹03·
468 1203 550 1263 Luna
572 1216 689 1274 autern,
710 1220 774 1282 qua
790 1199 850 1274 est,
877 1220 908 1263 ut
925 1203 1024 1265 osten·

335 1282 411 1342 dunt
431 1284 656 1355 mathematici,
682 1282 776 1358 major
795 1281 882 1362 quim
905 1284 1027 1346 dimidia

334 1383 404 1502 lm
419 1379 504 1423 terrae
516 1406 527 1436 ,
538 1361 639 1422 iisdem
656 1360 750 1440 spatiis
766 1378 905 1441 vagatur,
918 1365 1023 1445 quibus

348 1443 398 1503 ol:
415 1442 540 1517 sedtum
563 1442 755 1522 congrediens
776 1462 842 1500 cum
860 1439 938 1516 sole,
957 1459 1021 1504 tum

335 1522 522 1604 digrediens,
544 1522 577 1582 δι
601 1541 666 1582 eam
683 1522 798 1595 lucem,
819 1541 907 1602 quam
926 1544 943 1581 a
959 1521 1022 1584 sole

335 1602 475 1682 accepit,
501 1603 587 1662 mittit
609 1603 639 1660 in
661 1619 772 1675 terras,
793 1601 825 1660 &
846 1603 939 1662 varias
962 1601 1023 1683 ipsa

332 1685 512 1744 mutationes
527 1683 598 1741 lucis
620 1680 726 1741 habet:
749 1698 839 1760 atque
853 1685 941 1742 etiam
958 1699 1021 1743 tum

333 1759 461 1840 subjetia
483 1776 511 1821 at
553 1763 726 1841 copposita
748 1759 821 1834 soli,
840 1761 936 1821 radios
958 1761 1026 1842 ejus·

334 1841 372 1903 &
389 1842 487 1903 lumen
503 1862 522 1901 o
544 1840 635 1901 scurat
646 1861 657 1913 3
680 1857 742 1899 tum
761 1838 819 1919 ipsa
838 1841 967 1900 incidens
989 1845 1021 1901 in

333 1919 468 1982 umbram
484 1937 587 1994 tertae,
605 1940 694 2001 quum
714 1915 755 1978 est
772 1938 788 1981 e
805 1921 925 2001 regione
935 1919 1020 1994 solis,

332 2002 509 2082 interpositu
533 1999 743 2080 interjecluque
767 2013 871 2072 terrae,
898 2000 1020 2080 repente

334 2078 454 2143 deficit(
466 2080 627 2161 Iisdemque
646 2078 742 2160 spatiis
763 2077 809 2138 hae
823 2077 929 2152 stellae,
949 2101 1021 2160 quus

333 2181 424 2243 vagas
447 2161 590 2235 dicimus,
612 2160 721 2220 circum
741 2174 848 2219 terram
872 2157 1044 2236 feruntur,¹

333 2243 502 2324 eodemque
522 2240 614 2302 modo
637 2241 787 2314 oriuntur,
810 2240 843 2299 δι
865 2241 1019 2300 occidunt:

376 2342 456 2382 arum
472 2337 569 2383 motus
590 2336 652 2379 tum
668 2322 842 2393 incitantur,
855 2335 917 2380 tum
932 2338 1023 2381 retar-

333 2341 460 2475 ffintur,
479 2401 554 2482 saepe
568 2402 655 2461 etiam
671 2397 810 2460 insistunt.
824 2398 899 2478 Quo
912 2399 1022 2480 specla-

333 2481 402 2542 eulo
422 2481 492 2542 nihil
539 2479 612 2540 otest
633 2479 827 2540 admirabilius
854 2477 934 2552 effe,
951 2479 1024 2540 nihil

332 2561 489 2644 pulchrius.
517 2501 653 2640 {equitur
671 2557 815 2619 stellatum
833 2559 1022 2620 inerrantium

333 2642 460 2702 maxima
478 2640 652 2703 multitudo:
673 2659 794 2720 quarum
816 2640 856 2698 ita
880 2638 1021 2720 descripta

332 2719 477 2781 distinllio
493 2718 555 2794 est,
572 2737 610 2780 uo
624 2739 661 2780 ex
680 2735 750 2778 nota
767 2716 921 2799 figuratum
938 2718 1020 2787 simiq

332 2800 458 2862 litudine
471 2803 590 2860 nomina
602 2800 778 2860 invenerint.

375 2879 455 2941 XLI.
473 2879 570 2961 Atque
580 2880 639 2939 hoc
649 2880 717 2939 loco
727 2898 776 2940 tue
786 2874 1020 2951 intuens,Utat;

331 2959 445 3041 inquit,
465 2961 636 3020 carminibus
653 2958 765 3032 Arati,
786 2961 848 3031 eis,
869 2977 933 3036 quae
952 2970 1024 3015 ace-

332 3039 494 3106 admodum
510 3039 728 3105 adolescentulo
737 3035 896 3112 conversa,
916 3037 957 3098 ita
967 3042 1029 3111 ote·
