2709 4017
322 507 401 601 416
449 505 516 574 Dr
552 498 883 591 ntntnnrro'ni,

322 619 496 699 Athenienses
511 617 622 698 publici
635 617 668 675 de
685 612 838 695 majoribus
851 615 933 677 rebus
939 615 1014 698 fint-

311 750 313 756 .
317 721 368 780 per
378 702 534 759 retulerunt.
997 713 1000 717 '

366 797 433 858 ¹23·
449 779 592 859 Scriptum
605 773 645 836 est
654 777 746 847 item,
760 796 851 856 qnnm
864 774 1013 852 Critone,

310 857 361 918 'fui
381 859 554 931 familiaris,
575 857 691 916 oculum
709 855 857 937 aiiigatum
875 856 1012 930 vidisset,

321 938 500 1018 quaesiviffe‚
523 938 592 1019 quid
615 935 710 996 effet:
749 952 823 995 uum
838 954 941 997 autem
963 937 1011 997 ilie

320 1017 528 1098 respondiffen
549 1021 578 1076 in
598 1037 668 1098 agro
690 956 849 1076 amittant
866 1017 1012 1077 ramulum

320 1099 497 1170 addueium,
516 1115 548 1157 ut
572 1095 699 1156 rentiffus
719 1095 810 1169 effer,
838 1098 867 1155 in
892 1097 1012 1157 oculum

319 1176 399 1237 suum
420 1178 564 1239 recidiffe:
583 1196 646 1236 tum
668 1176 832 1247 Socrates,
855 1179 926 1236 Non
941 1180 1012 1236 enin

310 1261 435 1340 paruisti
452 1259 518 1317 milti
539 1260 698 1327 revocanti,
721 1277 802 1335 qnam
826 1274 937 1331 uterer,
975 1259 1011 1316 uti

314 1338 392 1418 ¹finito
403 1383 412 1412 ,
425 1339 612 1420 praefhgitione
628 1335 734 1396 divini.
755 1334 840 1396 Idem
854 1339 944 1396 etiam
956 1279 1010 1397 io·

321 1437 436 1491 crates,
459 1439 548 1500 quum
566 1417 644 1496 apud
662 1413 782 1474 Delium
802 1416 878 1474 maie
895 1412 1028 1498 pugna·x

321 1515 383 1557 tum
400 1497 489 1571 effet,
513 1498 641 1556 Lachete
664 1512 815 1576 praetore,
836 1494 1011 1634 superetque

322 1598 388 1635 eum
406 1577 467 1657 ipso
488 1577 638 1645 Lachete,
658 1593 690 1633 nt
707 1592 827 1634 ventum
846 1595 862 1635 e
908 1579 939 1636 in
959 1579 1011 1636 tti-

321 1659 421 1729 vium,
439 1655 563 1729 eidem,
580 1655 636 1734 quit
654 1658 743 1714 ceteri
755 1699 764 1728 ,
778 1655 881 1736 fugere
897 1657 1008 1716 noluit:

319 1737 423 1816 quibus
436 1737 651 1818 querentibus,
673 1756 723 1794 cur
746 1755 807 1793 non
831 1736 939 1796 eidem
963 1737 1010 1798 vit

319 1837 481 1956 pergeret,
506 1818 642 1877 deterreri
666 1815 695 1874 se
715 1837 731 1874 a
758 1815 815 1875 deo
833 1815 926 1876 dixit:
948 1833 1010 1877 tum

321 1919 370 1977 qut
392 1919 439 1958 em
458 1899 478 1956 ii
488 1942 500 1972 ,
520 1901 569 1976 qui
588 1897 643 1954 alii
655 1897 703 1954 vit
723 1894 880 1976 fugerant,
900 1899 930 1957 in
940 1897 1011 1958 hos·

319 1980 391 2035 tium
408 1978 567 2057 equitatum
583 1976 754 2036 inciderunt.
775 1973 922 2036 Permulta
945 1976 1009 2049 coi,-

318 2057 393 2119 tetta
404 2057 467 2117 sunt
484 2058 521 2116 ab
532 2056 687 2135 Antipatro
698 2101 709 2127 ,
731 2076 794 2136 quae
810 2053 980 2117 mirabiliter
991 2078 1008 2118 a

319 2136 439 2197 Socrate
452 2139 576 2198 divinata
593 2138 675 2210 sunt,
689 2157 752 2216 quae
769 2139 1008 2214 praetermittam:

234 2271 239 2280 .
309 2218 371 2275 -tibi
384 2220 463 2277 enim
484 2235 554 2278 nota
568 2217 652 2286 sunt;
675 2217 745 2274 mihi
763 2215 799 2273 ad
816 2238 1008 2278 commemo·

319 2297 441 2356 randum
466 2318 526 2356 non
546 2295 708 2355 neeeffaria.
732 2294 806 2354 Illud
828 2314 927 2358 tamen
945 2295 1008 2376 ejus

319 2375 484 2456 philosophi
499 2375 684 2458 magnificum
706 2397 740 2435 ac
757 2396 834 2455 pene
856 2374 1007 2452 divinum,

319 2457 424 2535 quod,
452 2477 542 2536 quum
567 2459 660 2536 impiis
683 2455 828 2514 sententiis
855 2458 1007 2517 damnatus

319 2533 409 2609 effet,
424 2539 587 2616 aequissimo
607 2535 746 2595 animose
762 2535 833 2593 dixit
851 2541 945 2596 mori:
960 2557 1008 2597 ne·

341 2636 376 2676 ue
394 2620 473 2677 enim
492 2619 583 2678 domo
608 2616 797 2697 egredienti,
822 2636 919 2697 neque
936 2617 1007 2676 iliud

310 2636 504 2778 ¹aggestum,
532 2701 561 2757 in
579 2718 638 2775 quo
656 2694 766 2754 causam
786 2694 899 2755 dixerat
919 2743 931 2769 ,
954 2697 1007 2755 ad·

317 2778 467 2838 scendenti
479 2821 490 2846 ,
504 2779 615 2856 signum
635 2777 688 2834 sibi
706 2775 816 2845 ullum,
834 2779 915 2856 quod
931 2799 1007 2836 con·

318 2855 442 2932 stetim,
460 2878 475 2914 a
491 2856 566 2928 deo,
585 2858 666 2936 quasi
682 2856 749 2916 mali
761 2854 880 2938 alicujus
891 2862 1007 2939 impen-

320 2937 433 3008 dentis,
451 2935 559 2994 datum.

359 3016 427 3079 LV.
445 3014 588 3098 Equidem
612 3015 653 3075 sic
683 3014 833 3088 arbitror,
865 3017 954 3078 etiam
981 3014 1009 3076 si
