2709 4017
379 481 538 548 Ltnnn
569 493 866 548 sncvtrtwn
888 477 965 570 289

278 589 401 676 juvante
428 591 486 651 deo
504 591 593 652 talem
613 589 692 652 fuisse
708 592 885 654 credendum
914 591 966 654 est.

281 726 285 733 .
325 672 393 734 166.
413 672 492 752 Quae
515 673 588 731 ratio
615 676 747 752 poitas,
783 673 909 734 maxim&
930 693 967 735 ue

279 751 472 823 Homerum,
496 751 638 832 impulit,
663 771 697 813 ut
719 753 895 834 principibus
909 694 972 814 bea

279 854 388 908 noum,
410 832 532 914 Ulyssi‚
552 830 714 906 Diomedi,
733 838 968 914 Agamemnoni,

280 913 411 986 Achilli,
431 929 526 974 cenos
543 912 637 988 deos,
659 912 849 972 discriminum
863 914 895 975 δι
909 928 968 994 pe-

275 995 437 1055 'titulorum
457 995 603 1066 comites,
629 992 809 1075 adjungeret.
828 993 971 1056 Praeterea

281 1076 290 1135 i
312 1073 409 1135 sorum
432 1073 554 1133 deorum
572 1071 645 1153 saepe
666 1075 844 1154 praesentiae,
869 1074 970 1156 quales
1031 1120 1040 1131 .

282 1094 367 1236 tbprt
393 1155 650 1227 commemoravi,
672 1153 844 1229 declarant,
873 1157 908 1215 ab
927 1156 970 1216 his

284 1235 317 1295 δι
331 1234 514 1307 civitatibus,
536 1235 568 1293 &
586 1235 704 1316 singulis
718 1235 881 1294 hominibus
899 1256 972 1295 con·

282 1314 353 1377 snli:
372 1315 453 1394 quod
464 1312 589 1396 quidem
606 1315 773 1396 intelligitur
785 1317 872 1374 etiarn
886 1319 973 1398 signi·

283 1392 465 1457 ficationibns
487 1415 582 1455 terum
609 1393 794 1466 futurarum,
820 1417 883 1476 quae
910 1414 973 1457 tunt

285 1474 523 1549 dormientibus,
551 1491 615 1534 tum
637 1475 821 1557 vigilantibus
849 1495 975 1556 porten-

285 1556 410 1618 duntur:
440 1555 530 1616 multa
549 1574 689 1635 praeterea
716 1555 862 1630 ostentis,
883 1558 975 1620 multa

283 1639 359 1698 extis
373 1636 585 1708 admonemur,
606 1635 759 1717 multisque
782 1638 866 1697 rebus
883 1639 943 1698 aliis
961 1659 973 1713 3

306 1738 356 1778 uas
377 1716 524 1777 diuturnus
538 1715 603 1776 usus
618 1718 655 1776 ita
676 1720 811 1790 notavit,
831 1735 861 1777 ut
878 1737 973 1780 artem

283 1739 471 1859 bivinationis
483 1794 623 1857 efficeret.
641 1796 739 1857 Nemo
753 1799 838 1879 igitur
853 1799 897 1856 vir
907 1819 974 1858 tna·

285 1899 361 2022 grus
382 1880 444 1938 sine
469 1879 565 1959 aliquo
587 1874 684 1937 afflatu
709 1876 809 1937 divino
831 1898 972 1958 umquam

319 1961 352 2021 it.
395 2017 399 2024 ,
501 1982 506 1995 ·

332 2038 397 2114 ι67.
418 2037 566 2100 Nec'verb
583 2041 622 2100 ita
638 2036 828 2100 refellendum
847 2035 907 2109 est,
921 2052 975 2113 ut,*

286 2120 311 2182 si
323 2121 465 2204 segetibus
485 2138 533 2180 aut
551 2122 655 2181 vinetis
674 2118 827 2200 cujuspiam
845 2119 973 2200 tempes-

286 2217 330 2262 tas
346 2201 502 2280 nocuerit²
521 2218 569 2261 aut
587 2202 695 2281 siquid
715 2222 732 2261 e
751 2203 815 2260 vitae
834 2221 972 2260 commo-

286 2280 331 2343 dis
345 2281 421 2341 casus
436 2279 580 2347 abstulerit
592 2327 602 2352 ,
612 2283 706 2355 ¹enm,
724 2283 768 2341 cui
781 2282 849 2362 quid
868 2281 973 2342 horum

286 2362 443 2434 acciderit,
456 2381 504 2421 aut
522 2360 643 2425 invisum
655 2363 732 2435 deo,
747 2380 794 2421 aut
809 2362 973 2443 negleiiunr
1042 2434 1045 2439 ,

287 2465 305 2503 a
318 2442 375 2502 deo
386 2440 557 2522 judicemus.
570 2441 679 2524 Magna
693 2443 730 2501 dii
742 2460 840 2501 curant
853 2487 862 2514 ‚
883 2465 972 2522 parva

247 2532 252 2539 '
287 2523 447 2605 negligunt.
481 2523 596 2605 Magnis
622 2542 718 2582 autem
742 2524 810 2581 viris
827 2521 972 2604 prosperae

261 2626 269 2637 ·
285 2602 402 2684 semper
417 2624 519 2664 omnes
539 2624 583 2662 res
593 2621 608 2675 ⁴;
630 2605 651 2662 si
664 2602 781 2682 quidem
800 2601 862 2660 satis
881 2602 976 2663 anos·

287 2687 360 2757 tris,
379 2683 411 2744 δι
425 2706 442 2743 a
458 2687 588 2764 principe
604 2683 840 2763 philosophorum
853 2682 973 2745 Socrate

285 2764 397 2826 dietum
431 2763 472 2825 est
500 2764 537 2824 de
565 2763 741 2824 ubertatibus
768 2765 908 2836 virtutis,
941 2763 973 2823 δι

285 2866 456 2985 cofflb'ss.
477 2924 547 2984 Haec
564 2925 634 2986 mihi
649 2923 710 2987 feri
728 2926 756 2985 in
773 2938 902 2984 mentem
920 2941 976 2986 ve·

332 3010 431 3070 Tamus
451 3006 470 3065 1
474 3011 516 3066 X.
844 3003 872 3062 N
