2709 4017
305 509 311 517 Α
377 462 531 554 'Lim
568 489 849 553 recurunt.
887 481 972 576 483.

284 618 338 671 τα,
349 592 414 679 'que
433 615 563 658 eventura
582 599 647 656 sint.
667 595 792 679 Magnus
806 596 968 658 Dicaeareiri

282 678 356 737 liber
377 677 438 751 est,
460 678 566 737 nescire
583 696 617 737 ea
639 676 759 750 melius,
780 678 867 758 quim
887 677 970 739 scire.

282 761 396 838 Negant
417 761 450 817 id
467 755 516 836 ff
539 759 657 817 alienum
677 754 812 837 majestate
831 761 938 818 deorum
958 801 969 832 ,

281 838 390 897 scilicet
406 835 480 897 casas
499 840 630 898 omnium
649 837 855 918 introspicere,
873 857 905 898 ut
922 839 969 899 vi·

281 918 372 978 deant
397 919 466 997 quid
484 923 588 999 cuique
613 919 768 978 conducat.
790 921 886 998 Neque
911 919 978 978 ποκ’

278 997 389 1080 poffimt
397 997 497 1078 fimeta
512 999 682 1078 prenoscere.
699 997 815 1080 Negant
831 997 912 1078 poffe
927 999 967 1072 ii,

280 1081 385 1160 quibus
399 1099 460 1139 non
481 1079 578 1157 placet
596 1077 652 1138 effe
673 1098 804 1152 certum,
826 1078 895 1158 quid
917 1075 979 1138 fu·'

280 1178 379 1218 turum
393 1163 438 1219 sit.
452 1158 581 1220 Videsne
593 1161 697 1239 igitur,
715 1178 777 1240 quae
792 1160 877 1218 dubia
892 1159 969 1233 sint,

282 1259 317 1300 ea
335 1236 405 1298 sumi
417 1261 470 1317 pro
485 1243 568 1299 certis
580 1257 665 1318 atque
678 1241 821 1298 concessis
834 1238 846 1298 ἓ

328 1320 394 1378 106.
416 1317 535 1379 Deinde
555 1336 768 1397 contorquent,
783 1319 813 1378 &
832 1320 872 1377 ita
891 1337 967 1378 con·

281 1400 419 1460 dudunt:
436 1405 504 1460 Non
516 1402 599 1481 igitur
604 1400 670 1478 fitur
681 1400 722 1456 dii
729 1443 739 1470 ‚
753 1421 801 1458 nec
809 1400 968 1479 fignifitant

275 1483 396 1564 sutura:
413 1481 442 1539 id
467 1483 544 1540 enim
570 1478 628 1557 jam
648 1477 807 1558 perfedmn
831 1479 969 1538 arbitran-

280 1579 339 1621 tur.
364 1558 483 1620 Deinde
510 1559 668 1619 assumunt:
689 1564 761 1619 Sunt
782 1579 871 1618 aurem
897 1560 966 1619 dii:

281 1641 363 1721 quod
385 1640 475 1720 ipsum
495 1661 556 1700 non
578 1642 615 1699 'ab
634 1642 767 1699 omnibus
786 1639 966 1700 conceditur.

281 1723 446 1803 Significant
470 1744 539 1803 ergo.
568 1720 616 1780 Ne
636 1721 665 1779 id
682 1721 801 1858 guidem
820 1719 979 1802 sequitur;.
1058 1777 1061 1785 ,

280 1799 397 1884 possunt
419 1804 496 1861 enim
519 1822 580 1859 non
609 1801 681 1879 signi
704 1821 787 1874 care,
811 1802 842 1859 ὃ(
866 1818 965 1860 tamen

280 1881 340 1942 effe
351 1883 400 1943 dii.
415 1886 499 1954 Nec,
517 1885 543 1940 si
563 1882 731 1961 significent,
752 1902 806 1939 uon
818 1884 886 1939 daut
902 1883 965 1940 vias

280 1965 394 2042 aliquas
418 1965 458 2020 ad
476 1963 620 2041 scientiam
636 1962 852 2041 significationis.
874 1959 916 2019 At
934 1958 967 2020 id

282 2062 400 2124 quoque
416 2041 530 2123 potest,
558 2057 665 2099 utnon
688 2040 756 2101 dent
777 2040 966 2113 hominibus;

280 2125 337 2203 ipsi
363 2123 508 2192 habeant3
537 2142 588 2180 cur
612 2123 689 2181 enim
716 2119 816 2180 Tuscis
838 2121 934 2200 potiirs
952 2122 978 2195 ,'

280 2203 368 2284 qndm
382 2202 521 2262 Romanis
537 2201 658 2261 darent?
676 2205 738 2261 Nec
754 2204 780 2260 si
799 2202 867 2260 dunt
878 2203 964 2275 vias,

281 2284 363 2343 nulla
384 2285 418 2363 est
442 2284 588 2342 divinatio.
604 2282 662 2340 Fac
683 2282 751 2342 dare
772 2281 842 2342 deos
853 2300 863 2354 ;
881 2281 977 2363 quod'

281 2363 435 2424 absurdum
457 2361 522 2422 est:
567 2363 615 2421 uid
639 2362 758 2436 refert,
785 2364 808 2420 si
831 2365 964 2442 accipere

280 2465 344 2505 non
362 2442 526 2524 postumus?
547 2384 716 2502 Extremum
733 2441 795 2511 est,
817 2445 865 2522 Est
881 2444 966 2521 igitur

281 2527 430 2585 divinatio.
449 2523 492 2585 Sit
509 2519 843 2595 extremum-:effecium
863 2538 964 2582 tamen

280 2626 344 2666 rron
362 2604 422 2665 est:
441 2624 478 2665 ex
494 2602 571 2663 falsis
588 2604 665 2663 enim
677 2646 687 2674 ‚
699 2618 730 2662 ut
746 2602 782 2660 ab
798 2602 866 2682 ipsis
884 2598 976 2660 didi-'⁴

281 2689 394 2759 cimus,
412 2704 515 2744 verum
533 2682 607 2744 effici
617 2703 678 2766 non
692 2680 795 2764 potest.
814 2681 896 2744 Iacet
908 2682 976 2766 igi(

280 2783 328 2827 tur
339 2783 402 2825 tota
417 2765 587 2825 conclusio.v
751 2834 753 2838 Α

322 2845 388 2917 ΠΙ,
406 2846 565 2908 Veniamus
587 2864 663 2903 nunc
688 2842 725 2903 ad
748 2843 891 2922 optimum
907 2839 961 2898 *vi-

279 2946 373 2999 rum‚
401 2925 571 2987 familiarem
596 2923 754 2997 nostrum,
778 2916 982 3000 Cratippum*

278 3032 303 3067 u
313 3007 344 3070 Si
357 3011 418 3070 sine
430 3006 539 3081 oculis,
557 3007 668 3087 inquit,
685 3024 746 3067 non
763 2997 859 3142 podest
872 2998 963 3063 exsta·

840 3101 861 3162 ¹1
