2709 4017
796 427 953 507 '104
1024 416 1505 486 ACADEMIC.
1551 417 2007 487 ἱππεῦσι

789 549 1037 609 quorum
1089 530 1402 590 mendaciis
1437 575 1457 604 ‚
1518 532 1582 591 &
1643 532 1717 591 de
1772 529 1945 589 sorite
1981 559 2004 603 ,-
2058 545 2160 590 aut

835 607 1239 700 seudomen03
1297 631 1437 690 quas
1474 611 1667 692 plagas
1697 612 1808 690 ipsi
1843 627 2050 669 contra
2094 611 2157 670 se

744 738 754 744 .
834 705 976 746 torci
1007 703 1332 749 texuerunt.
1368 749 1375 754 .

881 766 1012 840 148.
1068 766 1229 828 Tum
1284 769 1552 829 Lucullus
1580 802 1608 844 ι,
1663 768 1807 831 Non
1860 766 2106 829 moleste
2134 812 2154 841 ‚

739 896 756 906 .
785 845 973 926 inquit
1001 891 1020 919 ‚
1065 847 1193 907 fero
1217 893 1236 920 ‚
1284 871 1394 909 nos
1426 851 1547 909 haec
1580 846 1911 910 contulisse:
1953 847 2158 928 saepius

740 975 754 984 .
787 930 946 984 enim
971 929 1424 1008 -congredientes
1472 951 1579 990 nos
1614 975 1633 1002 ‚
1682 931 1744 989 ἃ.
1801 929 2052 988 maxime
2095 930 2156 989 in

739 1003 1126 1076 fTusculanis
1180 1007 1384 1068 nostris
1414 1055 1432 1083 ‚
1490 1014 1534 1069 si
1583 1031 1697 1089 qua
1748 1009 2103 1069 videbuntur
2136 1053 2156 1082 ‚

743 1127 754 1139 .
789 1088 1162 1164 requiremus.
1234 1085 1520 1168 Optime,
1557 1091 1827 1169 inquam:
1875 1088 1973 1148 sed
2057 1089 2157 1147 uid

741 1162 1037 1237 „Catulus
1085 1167 1299 1226 sentit?
1350 1169 1490 1249 quid
1532 1167 1935 1231 Hortensius?
2057 1189 2160 1227 um

741 1294 756 1303 .
789 1241 1035 1305 Catulus
1058 1291 1078 1319 ,
1111 1246 1318 1327 Egone
1340 1294 1362 1322 ‚
1389 1250 1571 1329 inquit
1595 1248 1618 1307 ἓ
1649 1249 1724 1306 ad
1754 1248 1927 1326 patris
1956 1248 2160 1315 revol-

739 1345 906 1397 ,ποτ
935 1325 1280 1387 sententiam
1300 1348 1544 1407 ,nquam
1595 1328 1829 1409 quidem
1872 1326 1970 1384 ille
2007 1323 2160 1385 Car-

741 1405 1078 1475 -.nea-deam
1138 1404 1250 1466 esse
1292 1406 1520 1466 dicebat
1555 1452 1577 1480 ‚
1640 1425 1703 1467 ut
1752 1406 1973 1486 percipi
2013 1406 2159 1469 nihil

742 1524 758 1556 .-
786 1501 994 1562 putem
1029 1482 1187 1564 posse
1215 1506 1235 1556 ;
1274 1483 1616 1546 assensurum
1645 1504 1835 1547 autem
1873 1505 1993 1545 non
2027 1506 2161 1564 per-

744 1628 756 1636 ,
785 1581 970 1643 cepto
992 1607 1012 1638 ,
1036 1564 1096 1622 id
1117 1563 1199 1623 est
1214 1609 1233 1638 ,
1254 1568 1620 1644 opinaturum
1641 1567 1956 1647 sapientem
1976 1565 2160 1625 existi-

741 1663 952 1715 .‚mem
987 1664 1007 1717 3
1064 1642 1163 1703 sed
1206 1647 1324 1717 ita,
1372 1664 1432 1705 ut
1469 1649 1747 1729 intelligat
1789 1645 1845 1707 se
1882 1648 2154 1725 opinari,

743 1786 760 1803 t
783 1721 1037 1805 sciatque
1074 1723 1213 1784 nihil
1244 1722 1355 1785 effe
1377 1771 1395 1799 ,
1435 1729 1595 1807 quod
1627 1725 2158 1805 comprehendi&

745 1808 1013 1885 „percipi
1046 1808 1229 1884 possit
1249 1826 1281 1873 :2
1329 1808 1662 1881 necis-0742„
1702 1807 1857 1866 illam
1890 1807 2157 1866 omnium

789 1903 987 1955 rerum
1031 1887 1458 1964 comprobans,
1496 1886 1576 1943 illi
1623 1887 1785 1944 alteri
1822 1884 2158 1962 sententia,

747 1947 764 1975 ς
785 1964 931 2023 nihil
982 1960 1094 2025 effe
1132 2006 1153 2036 ‚
1207 1964 1366 2040 quod
1419 1964 1642 2042 percipi
1686 1965 1869 2041 possit
1894 2005 1915 2034 ,
1940 1964 2162 2036 velte-z

767 2038 1341 2115 -menterlassfenrion
1486 2090 1491 2095 .
1756 2054 1807 2104 ’,
1878 2050 1883 2054 ’

747 2172 772 2192 ,Α
833 2168 838 2173 .
871 2120 1085 2181 Habeo
1105 2162 1126 2190 ,
1155 2121 1387 2198 inquam
1409 2162 1429 2190 ,
1455 2114 1792 2176 sententiam
1816 2131 1974 2175 tuam
1993 2163 2012 2192 ,
2041 2142 2158 2189 nec

748 2192 923 2261 'eam
974 2197 1293 2269 admodum
1340 2195 1630 2274 aspernor.
1689 2194 1806 2255 Sed
1850 2197 1955 2255 tibi
2012 2203 2160 2280 quid

749 2278 1023 2338 'tandem
1068 2276 1337 2350 videtur,
1381 2275 1700 2336 Hortensi?
1733 2275 1893 2336 Tum
1922 2279 2020 2338 ille
2066 2284 2154 2342 ri·-

746 2348 758 2370 ⁴
784 2358 931 2418 dens
947 2404 967 2428 ,
984 2355 1364 2416 Tollendum.
1378 2355 1590 2416 Teneo
1606 2375 1665 2416 te
1683 2402 1702 2430 ‚
1720 2359 1970 2437 inquam.
1994 2357 2156 2424 Nam

743 2492 756 2501 ,
783 2435 887 2497 ista
930 2437 1265 2498 Academiae
1313 2435 1396 2496 est
1427 2438 1660 2518 propria
1712 2437 2007 2501 sententia.
2057 2440 2150 2507 Ita

743 2573 756 2582 ,
788 2515 1054 2577 sermone
1090 2516 1361 2578 confeEto
1383 2562 1402 2591 ‚
1445 2516 1685 2578 Catulus
1708 2519 2015 2580 remansit:
2040 2541 2153 2589 nos

743 2656 760 2665 -
782 2597 866 2660 ad
901 2598 1193 2673 naviculas
1216 2596 1436 2663 nostras
1473 2598 1888 2663 descendimus.
