2709 4017
401 518 475 569 122
530 500 962 568 Acnnrmconurr

397 612 519 683 tradita;
537 609 617 671 cu'us
635 630 705 690 quas
729 612 890 690 acceperim
908 609 1083 690 disputatio·

399 712 472 765 nes,
494 693 518 750 si
537 713 557 750 v
600 692 645 765 is,
664 710 819 770 exponam.
845 689 909 750 Nos
929 693 1003 750 verb
1022 713 1084 753 vo-

395 771 510 843 lumus,
525 773 662 852 inquam,
678 788 710 828 ut
726 791 781 851 pro
800 768 902 830 Attico
921 772 1007 830 etiam
1024 773 1084 832 res·

395 850 555 932 pendeam.
582 850 619 911 Et
638 849 715 910 rekie
726 894 738 922 ,
762 852 879 931 inquit,
898 848 1078 931 respondes:

394 930 528 1013 praeclare
546 934 623 990 enim
640 929 799 1009 explicatur
819 929 1080 1009 Peripateticorum

394 1011 429 1071 ἃ
441 1011 609 1070 Academiae
626 1013 735 1070 veteris
752 1009 914 1070 audioritas.
935 1008 1081 1072 Aristote-

393 1091 437 1151 les
453 1093 561 1171 primus
580 1089 713 1170 species,
731 1110 800 1169 quas
817 1090 902 1169 paulo
919 1090 985 1153 antd
1001 1091 1079 1163 dixi,

393 1169 600 1231 labefadiavit:
622 1190 693 1249 quas
711 1168 829 1230 mirifici
842 1169 924 1229 Plato
937 1188 998 1230 erat
1012 1191 1079 1230 am·

393 1251 524 1332 plexatus
540 1271 550 1322 ;
570 1266 602 1309 ut
618 1251 648 1308 in
665 1250 709 1308 his
724 1250 861 1331 quiddam
875 1249 1004 1309 divinum
1019 1247 1077 1312 'effe

394 1330 515 1392 diceret.
527 1327 744 1410 Theophrastus
761 1348 879 1403 autem,
898 1329 942 1391 vir
962 1331 995 1390 &
1010 1352 1078 1391 ora·

394 1414 476 1471 tione
496 1410 608 1482 suavis,
629 1410 660 1470 δι
686 1411 724 1469 ita
742 1427 888 1481 moratus,
914 1425 946 1469 ut
967 1430 1026 1490 prae
1046 1409 1077 1472 se

392 1491 571 1569 probitatem
584 1489 740 1568 quamdam
757 1491 789 1549 δι
802 1491 1009 1626 inpenuitatem
1030 1489 1078 1548 fe·

392 1587 460 1640 rat,
487 1568 691 1626 vehementius
717 1569 805 1626 etiam
843 1571 916 1647 regit
943 1569 1074 1647 quodam

391 1646 484 1706 modo
497 1645 696 1706 audoritatem
709 1649 817 1706 veteris
829 1645 996 1725 discipline:
1008 1647 1026 1708 s
1042 1668 1085 1710 οΙχ

392 1728 472 1787 liavit
491 1727 570 1787 enim
586 1726 725 1786 virtutem
740 1723 791 1785 suo
819 1726 951 1797 decore,
977 1671 1082 1790 imle-
1104 1762 1107 1769 ·

391 1807 545 1887 cillamque
568 1805 717 1878 reddidit,
745 1805 825 1886 quod
846 1807 963 1887 negavit
985 1807 1016 1865 in
1038 1829 1075 1870 ea

391 1887 453 1949 sola
472 1890 601 1969 positum
617 1883 673 1947 effe
689 1887 776 1948 beatd
790 1889 902 1950 vivere.

405 2019 409 2026 .
436 1986 483 2047 34.
501 1966 578 2028 Nam
595 1965 708 2042 Strato,
731 1965 792 2046 ejus
811 1967 945 2039 auditor,
969 1986 1075 2046 quam·

392 2068 480 2128 quam
490 2047 542 2107 fuit
554 2049 611 2107 acri
625 2048 764 2128 ingenio,
781 2064 878 2107 tamen
888 2047 925 2107 ab
941 2066 974 2106 ea
990 2046 1073 2108 disci·

390 2128 469 2207 plina
483 2125 812 2187 omnino-semovendus
830 2125 888 2186 est:
913 2129 961 2205 qui
1002 2148 1071 2188 uum

389 2205 516 2268 maxime
532 2201 715 2266 necellariam
732 2221 844 2284 partem
858 2148 1071 2286 philosoplriae‚

389 2304 452 2366 quae
487 2286 561 2344 osita
572 2282 613 2343 est
625 2286 655 2343 in
662 2287 768 2344 virtute
778 2286 809 2344 &
820 2288 848 2344 in
860 2285 1010 2361 moribus,
1025 2308 1071 2348 re·

323 2434 326 2440 ¹
389 2307 531 2445 liquidet,
545 2380 701 2443 ¹totumque
720 2365 749 2425 se
766 2364 801 2424 ad
818 2362 1069 2447 investigationem

387 2461 497 2504 naturae
519 2441 681 2504 contulillet
699 2488 710 2516 ,
734 2446 763 2503 in
783 2465 817 2504 ea
837 2444 895 2526 ipsa
913 2446 1068 2526 plurimum

387 2521 501 2587 dissedit
511 2545 527 2583 a
539 2524 602 2586 suis.
616 2524 793 2605 Speusippus
804 2542 902 2584 autem
919 2526 951 2586 &
962 2525 1069 2586 Xeno-

387 2622 481 2673 crates
495 2648 505 2678 ‚
519 2608 569 2685 qui
569 2607 663 2742 primi
675 2603 802 2664 Platonis
815 2608 959 2666 rationem
971 2606 1068 2666 auclo-

386 2686 556 2762 ritatemque
581 2683 771 2764 usceperant;
787 2685 820 2744 &
834 2676 899 2765 post
910 2685 965 2745 hos
979 2684 1068 2747 Pole-

387 2785 439 2826 mo
456 2765 489 2825 &
507 2761 633 2836 Crates,
648 2766 762 2846 otiaque
780 2761 909 2825 Crantor
921 2809 931 2838 ‚
943 2766 972 2824 in
989 2764 1068 2827 Aca·

387 2845 483 2907 demia
500 2845 666 2925 congregati
685 2886 696 2914 ‚
718 2843 869 2924 diligenter
893 2847 954 2918 eis,
972 2866 1065 2926 quea

348 2949 351 2954 ·
385 2923 577 3006 superioribus
590 2940 780 3002 acceperant,
798 2923 959 2984 utebantur.
1063 2977 1066 2985 .

426 3024 475 3083 ης.
496 3003 559 3065 lam
583 3001 776 3064 Polemonem
800 3002 969 3064 audiverant
991 3003 1065 3062 assi-

277 3075 280 3080 ’
384 3083 439 3146 due
458 3085 541 3149 Zeno
560 3083 594 3148 δι
613 3083 769 3159 Arcesilas.
784 3081 855 3158 ‘Sed
871 3085 953 3148 Zeno
974 3102 1063 3166 quum
