2709 4017
375 390 447 464 128
472 392 821 460 Acrormcorwrr
841 389 968 457 Lrnrrr
989 390 1021 458 1.

371 502 430 565 effe
450 504 631 583 quidquam,
653 501 735 582 quod
756 502 837 562 cerni
857 521 906 561 aut
931 504 1059 585 intelligi

369 583 490 664 possit:
514 585 619 664 quihus
640 583 678 642 de
703 586 795 642 causis
820 582 890 640 nihil
912 601 1057 663 oportere

369 682 469 743 neque
490 661 645 743 profiteri,
666 682 763 743 neque
784 660 926 721 affirmare
947 683 1059 744 quern-

370 762 477 822 qaam,
494 764 513 802 ιι
601 740 761 804 assensione
772 742 936 822 approbare
947 764 959 814 3
970 744 1059 803 cohi·

368 822 501 902 bereque
534 843 654 903 emper,
672 824 704 883 dr
721 824 758 882 ab
770 825 851 882 omni
868 821 946 902 lapsu
961 825 1059 883 conti-

368 922 442 964 nere
458 907 667 964 temeritatem:
681 925 746 984 quae
762 921 826 962 turn
839 900 908 962 effet
919 904 1057 983 insignis,

371 1002 463 1064 quum
481 1001 530 1042 aut
548 982 635 1056 falsa,
655 1002 703 1042 aut
720 986 786 1042 inco
808 984 926 1042 uitaret
945 1005 1057 1064 appro-

370 1063 489 1124 baretur
507 1083 516 1121 t
534 1082 630 1144 neque
649 1063 707 1122 hoc
730 1002 888 1144 quidquam
911 1060 967 1122 effe
990 1082 1056 1122 tur·

394 1146 457 1215 ius,
475 1143 562 1223 quim
577 1144 736 1224 cognitioni
754 1142 786 1201 &
804 1143 984 1222 perceptioni
1007 1165 1058 1202 as·

369 1164 534 1285 lentiorem
550 1223 850 1304 approbationemque
871 1242 1055 1301 precurrere.

457 1347 466 1363 .
491 1303 567 1364 Huic
592 1305 697 1364 rationi
719 1302 881 1384 quoderat
905 1300 1057 1363 consenta-

371 1403 481 1458 neum,
502 1383 649 1458 faciebat,
664 1402 697 1443 ut
716 1401 817 1441 contra
836 1385 966 1443 omnium
991 1382 1057 1442 sen-

371 1464 477 1524 tentiat
495 1463 557 1523 dies
574 1459 634 1540 jam
649 1461 803 1543 plerosque
813 1461 971 1522 deduceret
983 1483 991 1520 ι
1004 1481 1056 1536 ut,

372 1560 462 1622 quum
481 1543 511 1601 in
528 1542 631 1601 eadem
647 1563 681 1604 re
693 1544 772 1622 paria
784 1545 934 1601 contrariis
948 1545 978 1602 in
990 1564 1058 1621 par·

371 1622 449 1683 ribus
464 1640 615 1682 momenta
628 1626 771 1682 rationum
786 1622 1058 1696 invenirentur,fa·

373 1702 455 1762 cilius
467 1702 504 1761 ab
513 1718 632 1782 utraque
641 1720 722 1784 parte
734 1699 854 1762 all'ensio
867 1701 1057 1765 sustineretur.

373 1780 459 1844 Hanc
476 1783 669 1844 Academiam
685 1803 794 1844 novam
810 1804 826 1842 a
849 1782 977 1862 pellant3
992 1804 1058 1862 quae

372 1863 445 1925 mihi
462 1854 703 1936 vetut⁸videtur,
721 1865 744 1922 si
764 1864 812 1951 qui
835 1882 883 1922 em
903 1861 1058 1926 Platonem

373 1964 411 2005 ex
429 1945 477 2003 illa
493 1960 593 2008 vetere
611 1960 811 2005 numeramus:
833 1940 914 2018 cujus
932 1943 1058 2007 inlibris

371 2024 444 2084 nihil
464 2021 644 2098 affirmatur,
667 2025 701 2084 dt
723 2025 752 2081 in
772 2035 922 2096 utramque
943 2037 1058 2097 partem

373 2102 466 2164 multa
485 2100 673 2175 differuntur,
691 2101 728 2160 de
748 2098 883 2159 omnibus
899 2101 1058 2176 quaeritur,

371 2181 443 2242 nihil
466 2183 537 2242 certi
558 2181 669 2241 dicitur.
689 2179 747 2240 Sed
767 2195 865 2237 tamen
886 2177 950 2251 illa,
968 2200 1058 2259 quarn

372 2259 511 2341 exposui,
523 2275 624 2333 vetus3
635 2261 696 2320 lraec
708 2279 786 2320 nova
797 2260 977 2318 nominetur:
991 2281 1058 2340 quae

371 2338 460 2421 usque
478 2339 516 2401 ad
535 2337 720 2402 Carneadem
736 2337 892 2420 perdulla,
909 2341 956 2417 qui
967 2361 1058 2418 quar-

373 2438 419 2484 tua
441 2420 480 2481 ab
499 2418 631 2482 Arcesila
647 2421 699 2482 fuit
715 2464 724 2492 ,
742 2422 772 2479 in
793 2419 898 2480 eadem
919 2418 1058 2481 Arcesilae

373 2503 485 2565 ratione
504 2506 671 2581 permansit.
691 2498 858 2566 Carneades
879 2516 975 2564 autern
993 2501 1058 2570 nul-

373 2581 427 2647 lius
442 2580 631 2662 philosophiae
647 2583 735 2662 partis
750 2583 882 2662 ignarus,
897 2578 948 2650 &,
963 2596 994 2637 ut
1006 2600 1057 2650 cu⁴¹

374 2664 467 2746 gnovi
487 2681 525 2723 ex
541 2663 594 2734 iis,
612 2666 660 2743 qui
677 2662 758 2721 illurn
776 2660 945 2732 audierant,
965 2662 1058 2721 maxi-r

374 2742 480 2825 meque
494 2761 532 2803 ex
547 2739 691 2820 Epicureo
702 2740 839 2812 Zenone,
855 2741 903 2817 qui
921 2759 1010 2818 quum
1020 2740 1057 2799 ab

377 2843 415 2885 eo
445 2823 599 2904 plurimum
627 2819 814 2892 diffentiret,
840 2838 929 2877 unum
959 2836 1057 2881 tamen

375 2920 479 2982 praeter
498 2919 612 2963 ceteros
627 2900 781 2962 mirabatur
793 2943 804 2970 ,
816 2897 974 2958 incredibili
988 2918 1058 2977 qua·

377 2981 446 3049 datu
461 2981 515 3049 fuit
524 2981 660 3059 facultate
673 2982 718 3054 ΫῘῘ
733 2979 851 3062 Reliqua
862 2978 1059 3072 desiderantur,
