2709 4017
309 510 387 598 532
428 526 463 535 ··
516 501 593 572 De
625 502 833 590 5110,st
915 504 928 527 ²

308 620 345 679 ab
365 621 414 678 his.
429 615 657 692 dissentiebant,
676 617 739 679 sa'to
752 614 933 680 ¹assensiones
955 618 994 680 lii

308 700 473 769 berabant3
494 700 696 780 negabantque
709 697 799 769 ,ifato
820 695 993 759 offensioniss

307 778 361 838 bus
381 778 510 838 adhibito
533 823 543 851 ,
567 780 767 838 necessitatem
788 777 824 837 ab
844 778 890 837 his
908 778 990 860 polle

306 861 476 918 removeri:
496 860 574 938 iique
594 861 633 918 ita
648 855 829 918 disserebant.
843 882 862 913 n
879 858 912 919 Si
926 880 990 918 om·

306 957 326 1001 η
347 940 394 996 nia
411 937 472 997 sato
488 936 581 1010 siunt,
599 939 698 996 omnia
712 935 888 998 fiuntcausai‘
906 956 990 998 ante·

305 1041 327 1085 n
349 1017 493 1077 cedente:
514 1016 545 1074 ὃ(
561 1058 572 1088 ,
587 1019 613 1076 si
631 1019 774 1096 appetitus
791 1037 800 1089 ;
815 1017 863 1076 illa
882 1021 988 1092 etiam,

306 1093 327 1170 a}
345 1114 411 1176 quaa
434 1096 594 1175 appetitum
610 1094 764 1176 sequuntur'
777 1114 790 1153 :.
803 1115 875 1177 ergo
900 1100 988 1157 etiam

306 1203 327 1235 n
343 1174 531 1257 assensiones.
543 1173 642 1248 At,si
655 1176 738 1236 causa
759 1196 796 1254 ap
819 1175 904 1236 etitds
925 1198 987 1238 non

308 1262 334 1318 o'
350 1254 391 1315 est
401 1258 457 1314 sita
469 1259 498 1316 in
508 1256 611 1328 nobis,¹
623 1277 660 1316 ne
672 1256 730 1336 ipse
742 1197 859 1337 quidem
873 1259 991 1337 appeti·

307 1362 327 1395 n
349 1352 394 1395 tus
413 1334 456 1395 est-
473 1334 612 1413 innostra
631 1334 783 1416 potestate.
798 1334 931 1414 Quodsi
950 1340 987 1396 ita

305 1446 327 1479 a
348 1414 410 1484 est,
422 1436 460 1475 ne
478 1417 526 1475 illa
542 1415 678 1497 quidem,
697 1438 760 1497 quae
775 1417 906 1495 appetitu
922 1415 988 1476 effi-

307 1526 328 1558 ῃ
349 1498 479 1567 ciuntur,
492 1494 553 1554 sunt
567 1498 618 1555 sita
629 1499 659 1554 in
673 1498 758 1556 nobis
772 1516 780 1555 t
792 1517 852 1554 non
864 1495 927 1556 sunt
938 1499 990 1578 igi·

307 1603 328 1637 n
350 1593 395 1634 tur
414 1595 510 1654 neque
528 1573 725 1648 assensiones,
744 1596 839 1656 neque
859 1575 986 1637 asiiones

308 1685 329 1718 s>
349 1658 378 1713 in
397 1653 493 1712 nostra
513 1652 682 1732 potestate:
705 1677 742 1715 ex
763 1676 821 1736 quo
842 1653 988 1730 efficitur,

308 1761 329 1797 n
349 1751 381 1792 ut
397 1752 453 1793 nec
471 1733 651 1794 laudationes
669 1733 748 1812 justae
767 1738 849 1808 sint,
868 1755 924 1794 nec
943 1738 987 1796 vi·

309 1842 329 1874 o
348 1815 634 1894 tuperationes·‚nec
651 1813 780 1875 honores
794 1834 867 1888 ,nec
880 1815 988 1896 suppli·

310 1919 330 1952 »s
351 1896 403 1953 cia.
426 1892 519 1972 Quod
536 1915 624 1975 quum
645 1896 782 1955 vitiosum
801 1898 858 1967 sit,
879 1896 987 1974 proba-

308 1974 404 2039 biliter
421 1975 554 2034 concludi
572 1991 673 2054 putent
691 2018 701 2047 ,
720 1997 781 2036 non
806 1978 905 2037 omnia
926 1975 988 2037 sato'

310 2053 398 2126 fieri,
419 2075 606 2136 quaecumque
623 2051 701 2115 fiant.

320 2203 323 2209 1
351 2132 464 2194 XVlll.
481 2133 661 2215 Chrysippus
676 2150 773 2194 autem
789 2155 877 2213 quum
895 2134 926 2193 &
940 2156 988 2195 ne·

309 2217 473 2274 cessitatem
485 2215 662 2294 improbaret
677 2215 731 2283 ,dc
741 2214 810 2273 nihil
819 2214 909 2274 vellet
926 2217 986 2274 sine

310 2296 472 2374 praepositis
493 2297 583 2352 causis
606 2296 750 2365 evenire,
774 2294 918 2359 causatum
936 2315 988 2375 ge·

310 2393 382 2435 nera
400 2370 565 2452 distinguit,
587 2387 619 2430 ut
642 2373 674 2431 δι
695 2377 904 2435 necessitatem·
918 2372 987 2433 essu·

313 2456 393 2536 giat,
408 2452 439 2512 &
453 2454 573 2512 retineat
590 2450 692 2511 satum.
715 2451 872 2514 Causarum
888 2455 986 2526 enim,

310 2534 428 2612 inquit,
445 2533 507 2592 aliae
520 2531 583 2594 sunt
600 2531 734 2612 perfeslae
750 2533 792 2593 ἃ·
809 2534 988 2613 'tincipales3

310 2615 375 2675 aliae
388 2611 559 2689 adjuvantes
573 2613 604 2673 &
617 2615 765 2692 proximae.
785 2554 989 2691 (Euamobrem

314 2714 402 2777 quum
430 2692 574 2765 dicimus,
600 2695 697 2752 omnia
724 2691 784 2752 sato
812 2692 875 2753 fieri
900 2695 991 2753 causis

314 2772 553 2838 antecedentibus
574 2814 583 2840 ‚
610 2793 671 2831 non
694 2771 750 2833 hoc¹
770 2773 889 2854 intelligi
905 2773 990 2833 volu-

313 2876 395 2925 mus,
405 2854 494 2910 causis
512 2849 643 2931 persedis
659 2851 691 2912 &
706 2853 928 2932 principalibus,
940 2852 990 2912 sed

314 2934 405 2995 causis
425 2929 653 3009 adjuvantibus,
671 2931 933 3005 antecedentibus,
957 2934 990 2992 δι

315 3012 464 3094 proximis.
483 3011 581 3089 ltaque
599 3009 640 3069 illi
658 3014 783 3084 rationi,
798 3033 887 3091 quam
903 3013 992 3092 paulis

318 3093 383 3154 ante
400 3090 552 3166 conclaui,
564 3091 614 3156 'aie
627 3094 750 3157 oenum
765 3113 773 3155 a
787 3090 829 3157 Si.
838 3090 991 3161 mnaso».
