2709 4017
316 474 1010 579 ,mmmfflmm,

396 608 491 676 tiens,
511 601 702 682 conspirans,
730 606 897 663 continuata
919 605 1082 686 cognatio,

397 704 485 764 quem
497 690 555 741 non
571 703 657 764 coget
672 705 727 756 ea,
748 705 810 764 quae
829 684 959 742 dicuntur
975 706 992 742 a
1011 684 1062 744 tne'
1069 729 1080 756 ,

396 762 615 842 comprobare?
639 761 773 823 Posseme
792 785 850 823 uno
871 780 1009 844 tempore
1025 765 1084 831 flo-¹

397 863 483 915 rere,
502 843 607 902 deinde
628 846 753 903 vicissim
766 845 885 903 horrere
898 861 976 903 tetra
988 843 999 902 ?
1012 861 1080 917 aut,

397 937 443 981 tot
457 925 542 982 rebus
558 926 625 1001 ipsis
638 924 666 983 se
682 924 916 995 immutantibus,
941 922 1008 983 solis
1030 945 1081 983 ac-

398 999 488 1062 cessus
505 1000 688 1084 discessusque
711 1001 832 1063 solstitiis
848 1003 1012 1083 brumisque
1030 1024 1082 1065 co·

398 1082 517 1164 gnosci?
534 1100 582 1153 aut
601 1083 682 1143 aestus
705 1085 859 1156 maritimi,
881 1081 1082 1164 fretorumque

398 1161 532 1243 angustiae
542 1209 552 1238 ,
563 1179 627 1221 ortu
640 1180 689 1223 aut
701 1165 781 1223 obitu
790 1164 863 1222 lunae
876 1165 1060 1224 commoveri
1069 1162 1085 1227 ἓ,

399 1260 449 1301 aut
477 1244 534 1302 unzi
559 1245 646 1303 totius
672 1244 739 1304 coeli
768 1244 966 1303 conversione
989 1243 1081 1303 cursus

401 1320 540 1384 astrorum
569 1322 693 1404 dispares
716 1321 911 1382 conservari?
947 1323 1018 1382 Haec
1042 1326 1082 1382 ita

400 1401 463 1464 fieri
472 1403 610 1463 omnibus
624 1407 698 1464 inter
708 1402 737 1463 se
750 1403 967 1463 concinentibus
981 1403 1082 1463 mundi

400 1483 526 1563 partibus
542 1482 674 1562 profesio
690 1504 748 1542 non
764 1482 877 1562 pollent
889 1527 898 1554 ,
912 1484 965 1541 nisi
977 1502 1012 1543 ea
1024 1501 1085 1542 uno·

403 1561 556 1624 &divino
577 1562 609 1621 &
634 1564 802 1622 continuato
830 1563 927 1643 spiritu
947 1565 1084 1623 contine·

400 1656 508 1699 rentur.

443 1737 491 1777 20.
505 1719 603 1801 Atque
614 1720 676 1780 haec
686 1741 773 1800 quum
783 1719 897 1781 uberius
908 1720 1086 1802 disputantur

402 1797 436 1857 &
450 1798 555 1873 fusilis,
568 1818 599 1860 ut
612 1802 680 1859 milri
696 1799 735 1861 est
750 1804 780 1859 in
794 1805 890 1861 animo
903 1801 1000 1861 facere
1013 1848 1023 1874 ,
1038 1802 1086 1863 sai

401 1880 482 1940 cilibs
495 1878 631 1964 effugiunt
642 1880 884 1941 Academicorum
893 1883 1088 1949 calumniam?

402 1980 491 2040 quum
515 1981 630 2036 autern,
656 1979 688 2022 ut
707 1961 788 2020 Zeno
809 1961 947 2034 solebat,
967 1964 1084 2023 brevius

403 2039 599 2122 angustiusque
614 2041 843 2114 concluduntur3
859 2059 920 2098 tum
939 2045 1085 2119 apertiora

400 2117 521 2179 suntad
547 2119 828 2200 reprehendendum.
857 2119 932 2177 Nam
962 2137 993 2178 ut
1013 2128 1089 2201 proi

400 2199 492 2258 fluens
505 2203 595 2258 amnis
606 2217 657 2267 aut,
668 2201 717 2258 vix
729 2216 778 2256 aut
790 2196 870 2257 nullo
884 2197 976 2258 modo
989 2245 998 2271 ,
1011 2208 1089 2263 coni

401 2276 477 2335 clusa
494 2294 591 2338 autem
614 2299 687 2357 aqua
708 2275 791 2336 facile
812 2279 1025 2357 corrumpitur;
1046 2285 1087 2344 sic

401 2357 538 2415 orationis
567 2357 684 2416 flumine
711 2356 923 2435 reprehensoris
943 2361 1013 2419 vitia
1038 2362 1087 2422 di-

400 2435 537 2510 luuntur3
558 2459 593 2496 an
616 2436 684 2496 usila
700 2452 794 2497 autem
812 2437 953 2497 conclusae
972 2443 1087 2500 oratio·

401 2515 446 2573 nis
465 2536 526 2575 non
540 2459 624 2578 sacise
637 2517 664 2578 se
682 2515 740 2597 ipsa
755 2534 870 2577 tutatur.
890 2519 961 2578 Haec
983 2524 1085 2596 eninr,

401 2600 472 2674 quae'
493 2596 644 2659 dilatantur
668 2621 684 2658 a
711 2598 821 2672 nobis,
847 2598 928 2659 Zeno
951 2600 990 2658 sic
1015 2622 1086 2681 pre·

401 2676 510 2737 ruebat.
634 2681 636 2686 '

410 2787 412 2793 ·
442 2754 527 2815 Vlll.
548 2754 641 2832 Quod
663 2760 776 2818 ratione
798 2759 903 2831 utitur,
927 2757 956 2816 id
981 2757 1085 2818 melius

403 2834 445 2897 est
465 2835 551 2918 quim
575 2836 633 2909 id,
661 2839 742 2915 quod
767 2839 879 2897 tatione
898 2859 958 2896 non
977 2840 1090 2897 utiturt

401 2916 473 2975 nihil
489 2935 584 2976 autem
604 2918 714 2977 mundo
731 2917 850 2976 melius:
871 2919 982 2976 ratione
1000 2920 1085 2998 igitur

402 2996 525 3058 mundus
537 2999 632 3058 utitur.
653 2995 787 3058 Similiter
803 2993 877 3058 effici
897 2994 1015 3079 potest,
1037 2995 1083 3056 sa-
