<?xml version="1.0" encoding="UTF-8"?>
<!DOCTYPE html PUBLIC "-//W3C//DTD XHTML 1.0 Transitional//EN"
    "http://www.w3.org/TR/xhtml1/DTD/xhtml1-transitional.dtd">
<html xmlns="http://www.w3.org/1999/xhtml" xml:lang="en" lang="en">
 <head>
  <title>
</title>
<meta http-equiv="Content-Type" content="text/html;charset=utf-8" />
  <meta name='ocr-system' content='tesseract 3.04.00' />
  <meta name='ocr-capabilities' content='ocr_page ocr_carea ocr_par ocr_line ocrx_word'/>
</head>
<body>
  <div class='ocr_page' id='page_1' title='image "./mtulliiciceroni10lallgoog/mtulliiciceroni10lallgoog_0446.png"; bbox 0 0 2709 4017; ppageno 0'>
   <div class='ocr_carea' id='block_1_1' title="bbox 385 498 1082 798">
    <p class='ocr_par' dir='ltr' id='par_1_1' title="bbox 385 498 1082 798">
     <span class='ocr_line' id='line_1_1' title="bbox 385 498 972 598; baseline -0.017 -23"><span class='ocrx_word' id='word_1_1' title='bbox 385 519 473 598; x_wconf 81' lang='lat'><strong>440.</strong></span> <span class='ocrx_word' id='word_1_2' title='bbox 515 498 581 571; x_wconf 81' lang='lat' dir='ltr'>Da</span> <span class='ocrx_word' id='word_1_3' title='bbox 613 512 943 573; x_wconf 68' lang='lat' dir='ltr'>nwrxxrroxr,</span> <span class='ocrx_word' id='word_1_4' title='bbox 967 509 972 517; x_wconf 89' lang='lat'><em>·</em></span> 
     </span>
     <span class='ocr_line' id='line_1_2' title="bbox 390 618 1082 712; baseline -0.019 -23"><span class='ocrx_word' id='word_1_5' title='bbox 390 640 463 712; x_wconf 74' lang='lat' dir='ltr'>Quod</span> <span class='ocrx_word' id='word_1_6' title='bbox 473 630 508 702; x_wconf 66' lang='lat' dir='ltr'>&#39;est</span> <span class='ocrx_word' id='word_1_7' title='bbox 521 627 577 689; x_wconf 73' lang='lat' dir='ltr'>«rnre</span> <span class='ocrx_word' id='word_1_8' title='bbox 588 623 677 706; x_wconf 65' lang='lat' dir='ltr'>prder,</span> <span class='ocrx_word' id='word_1_9' title='bbox 693 619 759 683; x_wconf 77' lang='lat' dir='ltr'>nemo</span> <span class='ocrx_word' id='word_1_10' title='bbox 768 619 866 701; x_wconf 34' lang='lat' dir='ltr'>&#39;speflor</span> <span class='ocrx_word' id='word_1_11' title='bbox 876 618 893 682; x_wconf 63' lang='lat'>:⁵</span> <span class='ocrx_word' id='word_1_12' title='bbox 902 633 958 684; x_wconf 69' lang='lat' dir='ltr'>cali</span> <span class='ocrx_word' id='word_1_13' title='bbox 967 630 1082 702; x_wconf 68' lang='lat' dir='ltr'>sctum-¹</span> 
     </span>
     <span class='ocr_line' id='line_1_3' title="bbox 460 731 821 798; baseline -0.017 -20"><span class='ocrx_word' id='word_1_14' title='bbox 460 745 501 779; x_wconf 78' lang='lat' dir='ltr'>tur</span> <span class='ocrx_word' id='word_1_15' title='bbox 512 731 608 798; x_wconf 73' lang='lat' dir='ltr'>plagas.</span> <span class='ocrx_word' id='word_1_16' title='bbox 818 748 821 753; x_wconf 97' lang='lat'>·</span> 
     </span>
    </p>
   </div>
   <div class='ocr_carea' id='block_1_2' title="bbox 387 852 1083 2540">
    <p class='ocr_par' dir='ltr' id='par_1_2' title="bbox 387 852 1083 2057">
     <span class='ocr_line' id='line_1_4' title="bbox 388 852 1079 918; baseline -0.004 -1"><span class='ocrx_word' id='word_1_17' title='bbox 388 856 502 918; x_wconf 76' lang='lat' dir='ltr'>Verum</span> <span class='ocrx_word' id='word_1_18' title='bbox 524 858 547 914; x_wconf 88' lang='lat' dir='ltr'>is</span> <span class='ocrx_word' id='word_1_19' title='bbox 567 871 664 915; x_wconf 87' lang='lat' dir='ltr'>tamen</span> <span class='ocrx_word' id='word_1_20' title='bbox 682 853 785 914; x_wconf 86' lang='lat' dir='ltr'>habitu</span> <span class='ocrx_word' id='word_1_21' title='bbox 793 866 930 913; x_wconf 84' lang='lat' dir='ltr'>extorum</span> <span class='ocrx_word' id='word_1_22' title='bbox 947 852 982 914; x_wconf 87' lang='lat'>&amp;</span> <span class='ocrx_word' id='word_1_23' title='bbox 999 853 1079 914; x_wconf 79' lang='lat' dir='ltr'>coio-</span> 
     </span>
     <span class='ocr_line' id='line_1_5' title="bbox 387 933 1078 1016; baseline -0.007 -18"><span class='ocrx_word' id='word_1_24' title='bbox 387 957 420 998; x_wconf 88' lang='lat' dir='ltr'>re</span> <span class='ocrx_word' id='word_1_25' title='bbox 441 935 578 996; x_wconf 85' lang='lat' dir='ltr'>declarari</span> <span class='ocrx_word' id='word_1_26' title='bbox 592 933 693 995; x_wconf 84' lang='lat' dir='ltr'>&#39;censet</span> <span class='ocrx_word' id='word_1_27' title='bbox 715 935 775 993; x_wconf 85' lang='lat' dir='ltr'>haec</span> <span class='ocrx_word' id='word_1_28' title='bbox 797 933 940 993; x_wconf 78' lang='lat' dir='ltr'>duntaxat</span> <span class='ocrx_word' id='word_1_29' title='bbox 956 978 969 1008; x_wconf 88' lang='lat'>,</span> <span class='ocrx_word' id='word_1_30' title='bbox 984 935 1078 1016; x_wconf 85' lang='lat' dir='ltr'>pabuli</span> 
     </span>
     <span class='ocr_line' id='line_1_6' title="bbox 390 1017 1079 1099; baseline -0.003 -23"><span class='ocrx_word' id='word_1_31' title='bbox 390 1036 501 1099; x_wconf 86' lang='lat' dir='ltr'>genus,</span> <span class='ocrx_word' id='word_1_32' title='bbox 521 1017 554 1075; x_wconf 90' lang='lat'>&amp;</span> <span class='ocrx_word' id='word_1_33' title='bbox 576 1035 675 1075; x_wconf 88' lang='lat' dir='ltr'>earum</span> <span class='ocrx_word' id='word_1_34' title='bbox 693 1034 811 1085; x_wconf 89' lang='lat' dir='ltr'>rerum,</span> <span class='ocrx_word' id='word_1_35' title='bbox 828 1034 898 1094; x_wconf 85' lang='lat' dir='ltr'>quas</span> <span class='ocrx_word' id='word_1_36' title='bbox 919 1032 999 1074; x_wconf 85' lang='lat' dir='ltr'>tetra</span> <span class='ocrx_word' id='word_1_37' title='bbox 1012 1037 1079 1095; x_wconf 92' lang='lat' dir='ltr'>pro·</span> 
     </span>
     <span class='ocr_line' id='line_1_7' title="bbox 389 1093 1081 1167; baseline -0.006 -10"><span class='ocrx_word' id='word_1_38' title='bbox 389 1108 489 1167; x_wconf 74' lang='lat' dir='ltr'>creet,</span> <span class='ocrx_word' id='word_1_39' title='bbox 505 1095 554 1156; x_wconf 86' lang='lat' dir='ltr'>vel</span> <span class='ocrx_word' id='word_1_40' title='bbox 569 1095 733 1157; x_wconf 80' lang='lat' dir='ltr'>ubertatem</span> <span class='ocrx_word' id='word_1_41' title='bbox 743 1138 753 1166; x_wconf 93' lang='lat'><strong>‚</strong></span> <span class='ocrx_word' id='word_1_42' title='bbox 765 1094 815 1152; x_wconf 90' lang='lat' dir='ltr'>vel</span> <span class='ocrx_word' id='word_1_43' title='bbox 834 1096 1029 1154; x_wconf 90' lang='lat' dir='ltr'>tenuitatem:</span> <span class='ocrx_word' id='word_1_44' title='bbox 1040 1093 1081 1153; x_wconf 87' lang='lat' dir='ltr'>sa·</span> 
     </span>
     <span class='ocr_line' id='line_1_8' title="bbox 389 1172 1080 1254; baseline -0.003 -18"><span class='ocrx_word' id='word_1_45' title='bbox 389 1177 557 1236; x_wconf 86' lang='lat' dir='ltr'>lubritatem</span> <span class='ocrx_word' id='word_1_46' title='bbox 582 1178 697 1246; x_wconf 85' lang='lat' dir='ltr'>etiam,</span> <span class='ocrx_word' id='word_1_47' title='bbox 718 1192 767 1234; x_wconf 83' lang='lat' dir='ltr'>aut</span> <span class='ocrx_word' id='word_1_48' title='bbox 788 1172 985 1254; x_wconf 84' lang='lat' dir='ltr'>pestilentiam</span> <span class='ocrx_word' id='word_1_49' title='bbox 1011 1177 1080 1236; x_wconf 80' lang='lat' dir='ltr'>extis</span> 
     </span>
     <span class='ocr_line' id='line_1_9' title="bbox 391 1251 1080 1339; baseline -0.007 -22"><span class='ocrx_word' id='word_1_50' title='bbox 391 1253 545 1339; x_wconf 77' lang='lat' dir='ltr'>significari</span> <span class='ocrx_word' id='word_1_51' title='bbox 558 1273 651 1335; x_wconf 84' lang='lat' dir='ltr'>purat.</span> <span class='ocrx_word' id='word_1_52' title='bbox 663 1251 695 1316; x_wconf 93' lang='lat' dir='ltr'>O</span> <span class='ocrx_word' id='word_1_53' title='bbox 706 1252 861 1314; x_wconf 79' lang='lat' dir='ltr'>mortalem</span> <span class='ocrx_word' id='word_1_54' title='bbox 877 1255 1020 1316; x_wconf 84' lang='lat' dir='ltr'>beatum!</span> <span class='ocrx_word' id='word_1_55' title='bbox 1038 1255 1080 1314; x_wconf 87' lang='lat' dir='ltr'>cui</span> 
     </span>
     <span class='ocr_line' id='line_1_10' title="bbox 390 1331 1080 1416; baseline -0.003 -20"><span class='ocrx_word' id='word_1_56' title='bbox 390 1339 473 1398; x_wconf 81' lang='lat' dir='ltr'>cetri&gt;</span> <span class='ocrx_word' id='word_1_57' title='bbox 485 1337 543 1396; x_wconf 87' lang='lat' dir='ltr'>scio</span> <span class='ocrx_word' id='word_1_58' title='bbox 556 1338 654 1397; x_wconf 82' lang='lat' dir='ltr'>ludum</span> <span class='ocrx_word' id='word_1_59' title='bbox 665 1355 822 1416; x_wconf 84' lang='lat' dir='ltr'>numquam</span> <span class='ocrx_word' id='word_1_60' title='bbox 836 1331 969 1395; x_wconf 84' lang='lat' dir='ltr'>defuiffe.</span> <span class='ocrx_word' id='word_1_61' title='bbox 980 1334 1080 1394; x_wconf 85' lang='lat' dir='ltr'>Hunc·</span> 
     </span>
     <span class='ocr_line' id='line_1_11' title="bbox 392 1412 1080 1482; baseline -0.004 -5"><span class='ocrx_word' id='word_1_62' title='bbox 392 1419 457 1478; x_wconf 87' lang='lat' dir='ltr'>cine</span> <span class='ocrx_word' id='word_1_63' title='bbox 477 1418 626 1482; x_wconf 84' lang='lat' dir='ltr'>hominem</span> <span class='ocrx_word' id='word_1_64' title='bbox 644 1417 729 1475; x_wconf 82' lang='lat' dir='ltr'>tantis</span> <span class='ocrx_word' id='word_1_65' title='bbox 751 1413 929 1474; x_wconf 70' lang='lat' dir='ltr'>delediatum</span> <span class='ocrx_word' id='word_1_66' title='bbox 943 1412 1003 1475; x_wconf 83' lang='lat' dir='ltr'>effe</span> <span class='ocrx_word' id='word_1_67' title='bbox 1029 1435 1080 1474; x_wconf 88' lang='lat' dir='ltr'>nu·</span> 
     </span>
     <span class='ocr_line' id='line_1_12' title="bbox 391 1492 1082 1578; baseline 0.001 -24"><span class='ocrx_word' id='word_1_68' title='bbox 391 1500 453 1578; x_wconf 82' lang='lat' dir='ltr'>gis,</span> <span class='ocrx_word' id='word_1_69' title='bbox 468 1508 498 1556; x_wconf 86' lang='lat' dir='ltr'>u&#39;t</span> <span class='ocrx_word' id='word_1_70' title='bbox 514 1518 573 1555; x_wconf 88' lang='lat' dir='ltr'>non</span> <span class='ocrx_word' id='word_1_71' title='bbox 591 1495 726 1569; x_wconf 84' lang='lat' dir='ltr'>videret,</span> <span class='ocrx_word' id='word_1_72' title='bbox 742 1503 806 1554; x_wconf 82' lang='lat' dir='ltr'>&#39;tum</span> <span class='ocrx_word' id='word_1_73' title='bbox 829 1492 960 1554; x_wconf 84' lang='lat' dir='ltr'>futurum</span> <span class='ocrx_word' id='word_1_74' title='bbox 977 1493 1008 1552; x_wconf 93' lang='lat' dir='ltr'>id</span> <span class='ocrx_word' id='word_1_75' title='bbox 1027 1515 1082 1555; x_wconf 84' lang='lat' dir='ltr'>re-</span> 
     </span>
     <span class='ocr_line' id='line_1_13' title="bbox 391 1573 1081 1653; baseline -0.001 -18"><span class='ocrx_word' id='word_1_76' title='bbox 391 1577 527 1649; x_wconf 86' lang='lat' dir='ltr'>risimile‚</span> <span class='ocrx_word' id='word_1_77' title='bbox 538 1577 560 1634; x_wconf 88' lang='lat' dir='ltr'>si</span> <span class='ocrx_word' id='word_1_78' title='bbox 580 1579 711 1635; x_wconf 88' lang='lat' dir='ltr'>omnium</span> <span class='ocrx_word' id='word_1_79' title='bbox 726 1573 871 1653; x_wconf 82' lang='lat' dir='ltr'><strong>pecudum</strong></span> <span class='ocrx_word' id='word_1_80' title='bbox 887 1592 955 1634; x_wconf 85' lang='lat' dir='ltr'>exta</span> <span class='ocrx_word' id='word_1_81' title='bbox 974 1575 1081 1636; x_wconf 87' lang='lat' dir='ltr'>eodem</span> 
     </span>
     <span class='ocr_line' id='line_1_14' title="bbox 391 1653 1081 1735; baseline 0 -21"><span class='ocrx_word' id='word_1_82' title='bbox 391 1671 528 1735; x_wconf 88' lang='lat' dir='ltr'>tempore</span> <span class='ocrx_word' id='word_1_83' title='bbox 543 1657 571 1712; x_wconf 88' lang='lat' dir='ltr'>in</span> <span class='ocrx_word' id='word_1_84' title='bbox 588 1654 724 1715; x_wconf 88' lang='lat' dir='ltr'>eumdem</span> <span class='ocrx_word' id='word_1_85' title='bbox 736 1653 864 1714; x_wconf 85' lang='lat' dir='ltr'>habitum</span> <span class='ocrx_word' id='word_1_86' title='bbox 873 1653 901 1715; x_wconf 91' lang='lat' dir='ltr'>se</span> <span class='ocrx_word' id='word_1_87' title='bbox 911 1699 921 1725; x_wconf 90' lang='lat'><strong><em>,</em></strong></span> <span class='ocrx_word' id='word_1_88' title='bbox 932 1654 1081 1716; x_wconf 87' lang='lat' dir='ltr'>colorem·</span> 
     </span>
     <span class='ocr_line' id='line_1_15' title="bbox 392 1733 1082 1815; baseline -0.001 -20"><span class='ocrx_word' id='word_1_89' title='bbox 392 1755 450 1815; x_wconf 88' lang='lat' dir='ltr'>que</span> <span class='ocrx_word' id='word_1_90' title='bbox 480 1734 718 1797; x_wconf 75' lang='lat' dir='ltr'>converterent?</span> <span class='ocrx_word' id='word_1_91' title='bbox 745 1733 805 1795; x_wconf 86' lang='lat' dir='ltr'>Sed</span> <span class='ocrx_word' id='word_1_92' title='bbox 832 1738 854 1794; x_wconf 85' lang='lat' dir='ltr'>&#39;si</span> <span class='ocrx_word' id='word_1_93' title='bbox 878 1734 985 1795; x_wconf 72' lang='lat' dir='ltr'>eadem</span> <span class='ocrx_word' id='word_1_94' title='bbox 1010 1735 1082 1795; x_wconf 61' lang='lat' dir='ltr'>hori</span> 
     </span>
     <span class='ocr_line' id='line_1_16' title="bbox 393 1813 1081 1897; baseline -0.003 -21"><span class='ocrx_word' id='word_1_95' title='bbox 393 1817 456 1876; x_wconf 87' lang='lat' dir='ltr'>aliae</span> <span class='ocrx_word' id='word_1_96' title='bbox 474 1815 593 1896; x_wconf 85' lang='lat' dir='ltr'>pecudis</span> <span class='ocrx_word' id='word_1_97' title='bbox 617 1813 696 1892; x_wconf 80' lang='lat' dir='ltr'>jecur</span> <span class='ocrx_word' id='word_1_98' title='bbox 714 1815 836 1874; x_wconf 85' lang='lat' dir='ltr'>nitidum</span> <span class='ocrx_word' id='word_1_99' title='bbox 852 1830 940 1895; x_wconf 87' lang='lat' dir='ltr'>atque</span> <span class='ocrx_word' id='word_1_100' title='bbox 961 1816 1081 1897; x_wconf 86' lang='lat' dir='ltr'>plenum</span> 
     </span>
     <span class='ocr_line' id='line_1_17' title="bbox 394 1894 1081 1977; baseline -0.003 -20"><span class='ocrx_word' id='word_1_101' title='bbox 394 1895 437 1957; x_wconf 88' lang='lat' dir='ltr'>est</span> <span class='ocrx_word' id='word_1_102' title='bbox 451 1941 460 1970; x_wconf 92' lang='lat'>‚</span> <span class='ocrx_word' id='word_1_103' title='bbox 474 1897 534 1958; x_wconf 80' lang='lat' dir='ltr'>aliae</span> <span class='ocrx_word' id='word_1_104' title='bbox 549 1895 744 1956; x_wconf 83' lang='lat' dir='ltr'>horridum&amp;</span> <span class='ocrx_word' id='word_1_105' title='bbox 757 1894 832 1955; x_wconf 88' lang='lat' dir='ltr'>exile</span> <span class='ocrx_word' id='word_1_106' title='bbox 842 1939 854 1966; x_wconf 93' lang='lat'>‚</span> <span class='ocrx_word' id='word_1_107' title='bbox 863 1895 934 1974; x_wconf 88' lang='lat' dir='ltr'>quid</span> <span class='ocrx_word' id='word_1_108' title='bbox 947 1895 990 1957; x_wconf 88' lang='lat' dir='ltr'>est</span> <span class='ocrx_word' id='word_1_109' title='bbox 1001 1895 1081 1977; x_wconf 90' lang='lat' dir='ltr'>quod</span> 
     </span>
     <span class='ocr_line' id='line_1_18' title="bbox 394 1975 1083 2057; baseline 0 -20"><span class='ocrx_word' id='word_1_110' title='bbox 394 1977 533 2038; x_wconf 86' lang='lat' dir='ltr'>declarari</span> <span class='ocrx_word' id='word_1_111' title='bbox 546 1978 637 2057; x_wconf 83' lang='lat' dir='ltr'>possit</span> <span class='ocrx_word' id='word_1_112' title='bbox 648 1977 750 2050; x_wconf 88' lang='lat' dir='ltr'>habitu</span> <span class='ocrx_word' id='word_1_113' title='bbox 759 1993 892 2036; x_wconf 85' lang='lat' dir='ltr'>extorum</span> <span class='ocrx_word' id='word_1_114' title='bbox 907 1977 945 2036; x_wconf 73' lang='grc' dir='ltr'>δι’</span> <span class='ocrx_word' id='word_1_115' title='bbox 956 1975 1083 2038; x_wconf 59' lang='lat' dir='ltr'>colore?</span> 
     </span>
    </p>

    <p class='ocr_par' dir='ltr' id='par_1_3' title="bbox 392 2055 1082 2540">
     <span class='ocr_line' id='line_1_19' title="bbox 438 2055 1082 2138; baseline -0.006 -18"><span class='ocrx_word' id='word_1_116' title='bbox 438 2076 485 2134; x_wconf 75' lang='lat'>31.</span> <span class='ocrx_word' id='word_1_117' title='bbox 510 2057 559 2116; x_wconf 88' lang='lat' dir='ltr'>An</span> <span class='ocrx_word' id='word_1_118' title='bbox 581 2059 637 2117; x_wconf 90' lang='lat' dir='ltr'>hoc</span> <span class='ocrx_word' id='word_1_119' title='bbox 656 2055 784 2133; x_wconf 74' lang='lat' dir='ltr'>eiusdem</span> <span class='ocrx_word' id='word_1_120' title='bbox 804 2055 886 2115; x_wconf 88' lang='lat' dir='ltr'>modi</span> <span class='ocrx_word' id='word_1_121' title='bbox 907 2055 973 2130; x_wconf 84' lang='lat' dir='ltr'>est,</span> <span class='ocrx_word' id='word_1_122' title='bbox 997 2057 1082 2138; x_wconf 85' lang='lat' dir='ltr'>quale</span> 
     </span>
     <span class='ocr_line' id='line_1_20' title="bbox 392 2134 1080 2217; baseline -0.001 -19"><span class='ocrx_word' id='word_1_123' title='bbox 392 2136 711 2217; x_wconf 86' lang='lat' dir='ltr'>Pherecydeumillud,</span> <span class='ocrx_word' id='word_1_124' title='bbox 727 2135 807 2216; x_wconf 90' lang='lat' dir='ltr'>quod</span> <span class='ocrx_word' id='word_1_125' title='bbox 821 2134 888 2197; x_wconf 82' lang='lat' dir='ltr'>esta</span> <span class='ocrx_word' id='word_1_126' title='bbox 902 2154 932 2198; x_wconf 88' lang='lat' dir='ltr'>te</span> <span class='ocrx_word' id='word_1_127' title='bbox 951 2137 1080 2198; x_wconf 72' lang='lat' dir='ltr'>didam?</span> 
     </span>
     <span class='ocr_line' id='line_1_21' title="bbox 394 2215 1082 2299; baseline 0 -21"><span class='ocrx_word' id='word_1_128' title='bbox 394 2221 445 2298; x_wconf 93' lang='lat' dir='ltr'>qui</span> <span class='ocrx_word' id='word_1_129' title='bbox 466 2239 555 2299; x_wconf 89' lang='lat' dir='ltr'>quum</span> <span class='ocrx_word' id='word_1_130' title='bbox 573 2239 675 2298; x_wconf 87' lang='lat' dir='ltr'>aquam</span> <span class='ocrx_word' id='word_1_131' title='bbox 697 2215 807 2278; x_wconf 84' lang='lat' dir='ltr'>vidisset</span> <span class='ocrx_word' id='word_1_132' title='bbox 824 2237 861 2278; x_wconf 86' lang='lat' dir='ltr'>ex</span> <span class='ocrx_word' id='word_1_133' title='bbox 885 2223 979 2298; x_wconf 84' lang='lat' dir='ltr'>puteo</span> <span class='ocrx_word' id='word_1_134' title='bbox 997 2220 1082 2278; x_wconf 84' lang='lat' dir='ltr'>haus·</span> 
     </span>
     <span class='ocr_line' id='line_1_22' title="bbox 393 2295 1080 2373; baseline 0.003 -17"><span class='ocrx_word' id='word_1_135' title='bbox 393 2313 475 2369; x_wconf 88' lang='lat' dir='ltr'>tam,</span> <span class='ocrx_word' id='word_1_136' title='bbox 492 2313 574 2357; x_wconf 85' lang='lat' dir='ltr'>tertae</span> <span class='ocrx_word' id='word_1_137' title='bbox 593 2315 706 2357; x_wconf 91' lang='lat' dir='ltr'>motum</span> <span class='ocrx_word' id='word_1_138' title='bbox 723 2297 792 2357; x_wconf 84' lang='lat' dir='ltr'>dixit</span> <span class='ocrx_word' id='word_1_139' title='bbox 807 2295 946 2357; x_wconf 84' lang='lat' dir='ltr'>fututum.</span> <span class='ocrx_word' id='word_1_140' title='bbox 960 2298 1080 2373; x_wconf 89' lang='lat' dir='ltr'>Parum,</span> 
     </span>
     <span class='ocr_line' id='line_1_23' title="bbox 395 2375 1082 2460; baseline 0 -23"><span class='ocrx_word' id='word_1_141' title='bbox 395 2375 507 2447; x_wconf 85' lang='lat' dir='ltr'>credo,</span> <span class='ocrx_word' id='word_1_142' title='bbox 527 2376 738 2457; x_wconf 85' lang='lat' dir='ltr'>impudenter,</span> <span class='ocrx_word' id='word_1_143' title='bbox 757 2378 860 2458; x_wconf 74' lang='lat' dir='ltr'>quod,</span> <span class='ocrx_word' id='word_1_144' title='bbox 880 2399 972 2460; x_wconf 90' lang='lat' dir='ltr'>quum</span> <span class='ocrx_word' id='word_1_145' title='bbox 993 2379 1082 2439; x_wconf 72' lang='lat' dir='ltr'>faetus</span> 
     </span>
     <span class='ocr_line' id='line_1_24' title="bbox 397 2455 1082 2540; baseline -0.001 -22"><span class='ocrx_word' id='word_1_146' title='bbox 397 2455 466 2518; x_wconf 83' lang='lat' dir='ltr'>effer</span> <span class='ocrx_word' id='word_1_147' title='bbox 484 2474 605 2529; x_wconf 87' lang='lat' dir='ltr'>motus,</span> <span class='ocrx_word' id='word_1_148' title='bbox 629 2457 725 2518; x_wconf 83' lang='lat' dir='ltr'>dicere</span> <span class='ocrx_word' id='word_1_149' title='bbox 749 2458 856 2518; x_wconf 90' lang='lat' dir='ltr'>audent</span> <span class='ocrx_word' id='word_1_150' title='bbox 873 2502 884 2528; x_wconf 92' lang='lat'><strong>,</strong></span> <span class='ocrx_word' id='word_1_151' title='bbox 904 2480 969 2540; x_wconf 83' lang='lat' dir='ltr'>quae</span> <span class='ocrx_word' id='word_1_152' title='bbox 989 2463 1032 2519; x_wconf 86' lang='lat' dir='ltr'>vis</span> <span class='ocrx_word' id='word_1_153' title='bbox 1051 2458 1082 2517; x_wconf 94' lang='lat' dir='ltr'>id</span> 
     </span>
    </p>
   </div>
   <div class='ocr_carea' id='block_1_3' title="bbox 394 2534 1084 2839">
    <p class='ocr_par' dir='ltr' id='par_1_4' title="bbox 394 2534 1084 2839">
     <span class='ocr_line' id='line_1_25' title="bbox 395 2534 1084 2619; baseline -0.001 -22"><span class='ocrx_word' id='word_1_154' title='bbox 395 2536 542 2597; x_wconf 84' lang='lat' dir='ltr'>effecerit:</span> <span class='ocrx_word' id='word_1_155' title='bbox 560 2541 687 2600; x_wconf 87' lang='lat' dir='ltr'>etiamne</span> <span class='ocrx_word' id='word_1_156' title='bbox 701 2537 828 2598; x_wconf 87' lang='lat' dir='ltr'>futurum</span> <span class='ocrx_word' id='word_1_157' title='bbox 844 2534 923 2611; x_wconf 82' lang='lat' dir='ltr'>effe,</span> <span class='ocrx_word' id='word_1_158' title='bbox 940 2560 1024 2619; x_wconf 85' lang='lat' dir='ltr'>aquae</span> <span class='ocrx_word' id='word_1_159' title='bbox 1034 2537 1084 2616; x_wconf 84' lang='lat' dir='ltr'>ju·</span> 
     </span>
     <span class='ocr_line' id='line_1_26' title="bbox 394 2617 1084 2700; baseline 0.003 -24"><span class='ocrx_word' id='word_1_160' title='bbox 394 2621 437 2700; x_wconf 85' lang='lat' dir='ltr'>gis</span> <span class='ocrx_word' id='word_1_161' title='bbox 455 2618 556 2678; x_wconf 91' lang='lat' dir='ltr'>colore</span> <span class='ocrx_word' id='word_1_162' title='bbox 575 2618 784 2699; x_wconf 82' lang='lat' dir='ltr'>praesentiunt?</span> <span class='ocrx_word' id='word_1_163' title='bbox 808 2617 903 2677; x_wconf 88' lang='lat' dir='ltr'>Multa</span> <span class='ocrx_word' id='word_1_164' title='bbox 923 2617 1084 2678; x_wconf 87' lang='lat' dir='ltr'>istiusmodi</span> 
     </span>
     <span class='ocr_line' id='line_1_27' title="bbox 395 2697 1083 2761; baseline 0 -2"><span class='ocrx_word' id='word_1_165' title='bbox 395 2699 528 2759; x_wconf 87' lang='lat' dir='ltr'>dicuntur</span> <span class='ocrx_word' id='word_1_166' title='bbox 542 2701 571 2758; x_wconf 89' lang='lat' dir='ltr'>in</span> <span class='ocrx_word' id='word_1_167' title='bbox 581 2698 700 2758; x_wconf 87' lang='lat' dir='ltr'>scholis:</span> <span class='ocrx_word' id='word_1_168' title='bbox 720 2697 769 2758; x_wconf 87' lang='lat' dir='ltr'>sed</span> <span class='ocrx_word' id='word_1_169' title='bbox 784 2699 903 2759; x_wconf 87' lang='lat' dir='ltr'>credere</span> <span class='ocrx_word' id='word_1_170' title='bbox 919 2701 1021 2759; x_wconf 89' lang='lat' dir='ltr'>omnia</span> <span class='ocrx_word' id='word_1_171' title='bbox 1036 2703 1083 2761; x_wconf 87' lang='lat' dir='ltr'>vi-</span> 
     </span>
     <span class='ocr_line' id='line_1_28' title="bbox 397 2776 761 2839; baseline -0.005 0"><span class='ocrx_word' id='word_1_172' title='bbox 397 2777 435 2839; x_wconf 91' lang='lat' dir='ltr'>de</span> <span class='ocrx_word' id='word_1_173' title='bbox 452 2799 490 2838; x_wconf 89' lang='lat' dir='ltr'>ne</span> <span class='ocrx_word' id='word_1_174' title='bbox 508 2800 568 2838; x_wconf 88' lang='lat' dir='ltr'>non</span> <span class='ocrx_word' id='word_1_175' title='bbox 587 2781 621 2837; x_wconf 84' lang='lat' dir='ltr'>sit</span> <span class='ocrx_word' id='word_1_176' title='bbox 639 2776 761 2839; x_wconf 83' lang='lat' dir='ltr'>neceffe.</span> 
     </span>
    </p>
   </div>
   <div class='ocr_carea' id='block_1_4' title="bbox 395 2857 1127 3102">
    <p class='ocr_par' dir='ltr' id='par_1_5' title="bbox 395 2857 1127 3102">
     <span class='ocr_line' id='line_1_29' title="bbox 440 2857 1082 2936; baseline -0.002 -18"><span class='ocrx_word' id='word_1_177' title='bbox 440 2869 487 2936; x_wconf 81' lang='lat'>32&#39;.</span> <span class='ocrx_word' id='word_1_178' title='bbox 511 2859 624 2918; x_wconf 82' lang='lat' dir='ltr'>Veriim</span> <span class='ocrx_word' id='word_1_179' title='bbox 644 2860 700 2915; x_wconf 88' lang='lat' dir='ltr'>sint</span> <span class='ocrx_word' id='word_1_180' title='bbox 725 2858 790 2918; x_wconf 70' lang='lat' dir='ltr'>fane</span> <span class='ocrx_word' id='word_1_181' title='bbox 814 2859 864 2919; x_wconf 81' lang='lat' dir='ltr'>ista</span> <span class='ocrx_word' id='word_1_182' title='bbox 887 2857 1082 2919; x_wconf 60' lang='lat' dir='ltr'>Democritea</span> 
     </span>
     <span class='ocr_line' id='line_1_30' title="bbox 395 2937 1084 3020; baseline -0.003 -21"><span class='ocrx_word' id='word_1_183' title='bbox 395 2960 466 3012; x_wconf 83' lang='lat' dir='ltr'>vera</span> <span class='ocrx_word' id='word_1_184' title='bbox 486 2961 493 2997; x_wconf 91' lang='lat'>:</span> <span class='ocrx_word' id='word_1_185' title='bbox 513 2937 631 3019; x_wconf 85' lang='lat' dir='ltr'>quando</span> <span class='ocrx_word' id='word_1_186' title='bbox 655 2956 689 2996; x_wconf 88' lang='lat' dir='ltr'>ea</span> <span class='ocrx_word' id='word_1_187' title='bbox 710 2960 763 2996; x_wconf 87' lang='lat' dir='ltr'>nos</span> <span class='ocrx_word' id='word_1_188' title='bbox 783 2943 855 3000; x_wconf 87' lang='lat' dir='ltr'>extis</span> <span class='ocrx_word' id='word_1_189' title='bbox 879 2939 1084 3020; x_wconf 68' lang='lat' dir='ltr'>exquirimus?</span> 
     </span>
     <span class='ocr_line' id='line_1_31' title="bbox 395 3017 1127 3102; baseline 0.003 -24"><span class='ocrx_word' id='word_1_190' title='bbox 395 3037 444 3079; x_wconf 87' lang='lat' dir='ltr'>aut</span> <span class='ocrx_word' id='word_1_191' title='bbox 463 3018 579 3101; x_wconf 80' lang='lat' dir='ltr'>quando</span> <span class='ocrx_word' id='word_1_192' title='bbox 596 3017 701 3101; x_wconf 85' lang='lat' dir='ltr'>aliquid</span> <span class='ocrx_word' id='word_1_193' title='bbox 718 3017 861 3099; x_wconf 83' lang='lat' dir='ltr'>ejusmodi</span> <span class='ocrx_word' id='word_1_194' title='bbox 879 3021 916 3080; x_wconf 87' lang='lat' dir='ltr'>ab</span> <span class='ocrx_word' id='word_1_195' title='bbox 936 3019 1084 3102; x_wconf 75' lang='lat' dir='ltr'>aruspice,</span> <span class='ocrx_word' id='word_1_196' title='bbox 1124 3040 1127 3045; x_wconf 91' lang='lat'>·</span> 
     </span>
    </p>
   </div>
   <div class='ocr_carea' id='block_1_5' title="bbox 0 0 1375 4017">
    <p class='ocr_par' dir='ltr' id='par_1_6' title="bbox 0 0 1375 4017">
     <span class='ocr_line' id='line_1_32' title="bbox 0 0 1375 4017; baseline 0 0"><span class='ocrx_word' id='word_1_197' title='bbox 0 0 1375 4017; x_wconf 95' lang='lat' dir='ltr'> </span> 
     </span>
    </p>
   </div>
  </div>
 </body>
</html>
