2709 4017
311 513 391 606 466
440 512 506 580 Dr
541 508 882 592 mammonas

310 623 478 690 concidisset
486 667 500 702 ‚·
509 629 538 685 in
551 625 680 687 senatum
699 625 921 701 introduxisset}
937 649 1003 693 non

309 707 415 793 justum
435 726 604 790 rogatorem
613 711 800 769 comitiorum
817 708 899 770 fuisse
918 710 999 780 dixeff

310 806 387 850 tunt.

349 885 401 950 75·
424 867 552 930 Primum
567 869 655 944 vide,
669 890 706 929 ne
720 871 748 928 in
764 888 833 930 eum
853 870 999 948 dixerint,

309 950 360 1032 qui
379 967 498 1032 rogator
511 952 645 1012 centuriae
662 947 756 1010 fuisset
771 971 780 1022 ;
800 953 823 1009 is
839 954 921 1010 enim
937 971 1000 1014 erat

308 1047 440 1092 mortuus
451 1052 467 1104 3·
480 1030 510 1090 id
527 1046 622 1090 autem
638 1032 700 1091 sine
720 1030 902 1092 divinatione
924 1054 998 1093 con·

308 1107 418 1190 jedura
438 1129 553 1191 poterat
570 1110 683 1170 dicere:
705 1111 814 1172 deinde
822 1109 941 1173 sortasse
952 1136 997 1194 cat-¹⁸

248 1196 250 1200 ’
308 1189 358 1270 su,
375 1193 425 1272 qui
439 1193 519 1251 nullo
530 1191 622 1251 modo
638 1189 679 1251 est
693 1211 729 1252 ex
740 1192 798 1252 hoc
815 1211 927 1272 genere
941 1196 997 1254 tol·

308 1272 423 1351 lendus.
442 1270 527 1351 Quid
545 1273 623 1333 enim
639 1271 707 1332 scire
727 1270 838 1332 Etrusci
855 1273 998 1354 aruspices

254 1415 269 1428 ⁸,
307 1363 358 1413 aut
382 1352 419 1412 de
442 1353 630 1414 tabernaculo
651 1352 727 1413 rede
750 1369 865 1433 capto,
884 1371 934 1413 aut
960 1355 999 1416 de'

306 1434 445 1516 pomoerii
462 1432 525 1513 jure
541 1432 718 1514 potuerunt?
739 1431 885 1515 Equidem
903 1433 997 1496 all'en·

308 1515 367 1574 tior
396 1511 436 1574 C.
463 1514 614 1594 Marcello*
637 1515 735 1594 potilts
760 1557 770 1587 ,
801 1513 890 1594 qudm
916 1514 999 1597 App.

304 1592 452 1664 Claudio,
470 1597 519 1672 qui
536 1594 624 1653 ambo
642 1596 700 1653 mei
715 1595 837 1676 collegae
856 1593 972 1656 fuerunt
982 1615 995 1669 ;

305 1672 496 1752 existimoque
514 1671 559 1752 jus
580 1692 738 1754 augurum,
762 1677 817 1735 etsi
837 1674 995 1736 divinatio·

305 1757 350 1814 nis
368 1755 508 1833 opinione
524 1755 665 1835 principib
678 1753 867 1816 conslitutum
882 1758 938 1830 sit,
952 1773 997 1817 ta·

304 1843 376 1896 ineo
393 1832 495 1915 postea
508 1835 673 1917 reipublicae
690 1837 774 1897 causi
791 1833 996 1899 conservatum

304 1935 340 1979 ac
364 1929 521 1976 retentum
571 1935 574 1939 ’
646 1934 648 1938 ·
1029 1965 1032 1968 a

308 2020 310 2025 ·
349 1995 493 2057 XXXVl.
514 1996 573 2058 Sed
592 1996 629 2056 d'e
648 1996 705 2055 ltoc
724 1993 795 2055 loco
815 1994 898 2076 plura
911 1997 941 2056 in
961 2016 993 2055 a·

304 2076 371 2138 liis:
395 2100 470 2138 nunc
493 2078 639 2138 haetenus.
659 2075 785 2136 Externa
807 2078 887 2135 enim
904 2098 939 2137 au
961 2091 993 2136 u*

305 2161 371 2232 tia,
389 2180 452 2238 quae
474 2157 537 2218 sunt
552 2179 613 2218 non
631 2172 691 2217 tam
709 2153 858 2216 artificiosa
879 2096 993 2240 ,qant

301 2237 521 2317 superstitiosa,
550 2239 712 2301 videamus.
748 2235 896 2298 Omnibus
930 2237 996 2297 ferd

301 2317 403 2378 avibus
428 2333 568 2390 utttntur3
597 2339 652 2377 nos
677 2316 835 2378 admodum
864 2320 994 2398 paucis:

301 2399 357 2459 alia
378 2398 431 2458 illis
446 2395 553 2457 sinistra
571 2413 635 2456 sunt
646 2443 656 2471 ‚
668 2399 722 2459 alia
738 2396 852 2458 nostris.
869 2397 993 2458 Solebat

299 2500 340 2540 ex
358 2500 406 2538 me
420 2475 582 2557 Deiotarus
598 2478 776 2562 pereundam
794 2475 882 2538 nostri
901 2492 993 2560 angui

299 2562 334 2620 iii
353 2559 529 2640 disciplinam
552 2606 562 2635 ,
583 2580 640 2643 ego
666 2580 704 2620 ex
719 2559 769 2618 illo
784 2557 836 2618 sui.
858 2556 912 2617 Dii
931 2561 992 2618 im·

300 2642 438 2701 mortales
451 2642 458 2700 !
473 2660 611 2724 quantum
622 2638 794 2701 differebat?
810 2656 843 2698 ut
855 2639 995 2720 quaedant

298 2720 390 2782 essent
402 2724 489 2782 etiam
511 2725 662 2782 contraria.
683 2721 783 2802 Atque
801 2719 850 2780 ille
867 2721 901 2778 iis
916 2719 992 2780 sem·

295 2811 356 2883 per
380 2804 512 2865 utebatur
529 2823 539 2875 ;
560 2823 642 2876 nos,
663 2804 717 2861 nisi
741 2801 850 2860 duma.
874 2800 995 2882 populo

293 2882 422 2964 auspicia
440 2899 560 2965 accepta
577 2882 739 2957 habentus,
755 2880 843 2964 qulm
862 2883 993 2944 multum

295 2963 334 3023 ‘als
348 2965 480 3024 utimur?

300 3060 305 3078 ¹
336 3051 392 3124 77.
413 3044 551 3108 uellem
567 3061 631 3105 rem
644 3041 838 3108 administrari
854 3039 995 3124 majorem
