2709 4017
482 518 629 586 Lmen
661 531 865 590 Patmos,
942 520 1015 605 161·

334 649 374 691 ne
405 630 500 691 dicam
514 633 543 691 in
562 648 621 691 tam
639 632 751 710 ineptas
776 630 928 692 sententias
946 633 1018 691 inci·

334 709 415 771 diffe.
435 711 501 771 Nec
521 731 578 792 ego
602 730 677 770 nunc
698 710 756 790 ipse
775 710 881 792 aliquid
899 707 1016 770 afferam

334 792 455 851 melius:
474 808 505 851 ur
517 794 594 852 enim
609 791 700 849 modi>
718 790 795 863 dixi,
808 792 942 850 omnibus
954 791 1015 850 ferd

333 872 364 930 in
374 873 460 930 rebus
471 872 522 943 ,δι
535 870 660 930 maxime
670 873 700 929 in
714 872 859 951 physicis,
877 871 946 952 quid
955 892 1016 945 non

334 951 488 1024 sitcitiirs,
525 952 593 1010 udm
608 948 677 1031 quid
694 953 729 1010 sit
741 996 750 1023 ‚
764 951 896 1012 dixerim.

374 1029 493 1093 XXII.
505 972 606 1112 doges
620 1051 668 1090 me
678 1032 790 1110 ‚›quid‚
805 1049 853 1091 aut
873 1031 961 1111 quale*
980 1032 1017 1091 sit

333 1108 406 1170 deus
429 1131 439 1183 ;
466 1110 582 1172 austere
606 1127 672 1170 utar.
692 1109 866 1184 Simonide3
893 1112 930 1169 de
994 1131 1017 1180 ο,

332 1209 426 1268 quum
439 1189 609 1269 quaesiviffet
622 1191 679 1250 hoc
694 1190 773 1251 idem
789 1209 928 1271 tyrannus
946 1131 1017 1248 ldie-

332 1289 399 1341 ro‚
425 1267 601 1328 deliberandi
636 1269 721 1328 causi
743 1271 795 1328 sibi
818 1291 907 1330 unum
936 1269 1015 1328 diem

332 1346 520 1428 postulavit:
547 1357 638 1426 quum
655 1348 736 1408 idem
759 1369 795 1409 ex
817 1368 855 1410 eo
880 1345 1015 1427 postridie

334 1446 499 1506 quaereret,
520 1427 639 1487 biduum
662 1429 784 1507 petivit:
806 1449 895 1508 quum
917 1427 1017 1504 saepius

334 1509 493 1587 duplicaret
507 1526 660 1578 numerum
674 1508 786 1581 dierum
796 1553 805 1579 ‚
817 1505 1018 1586 admiransque

334 1586 428 1647 Hiero
441 1591 620 1667 requireret,
639 1608 689 1646 cur
701 1590 740 1647 ira
761 1587 870 1648 faceret
886 1609 893 1647 :
917 1585 1016 1664 Quia¹

333 1669 461 1746 quanto,
478 1668 592 1747 inquit,
613 1666 718 1726 diutim
733 1668 909 1739 considero,
932 1668 1016 1726 tantb

333 1748 404 1807 mihi
413 1767 457 1806 res
465 1748 581 1807 videtur
592 1746 749 1806 obscurior.
762 1747 819 1807 Sed
831 1747 1016 1807 Simonidem

333 1827 456 1894 arbitror
482 1824 496 1906 (
511 1845 572 1885 non
590 1827 667 1884 enim
682 1829 770 1905 poeta
789 1826 882 1886 solum
897 1827 1014 1898 suavis,

332 1909 543 1972 verumetiam
565 1920 661 1963 cetera
683 1925 800 1984 quoque
824 1905 949 1978 dodun,
972 1906 1016 1964 sa-

332 1984 472 2065 piensque
487 1981 633 2062 traditur)
649 1985 714 2061 quia
732 1984 821 2043 multa
835 1986 968 2043 venirent
985 1987 1016 2045 in

332 2082 466 2124 mentem
481 2080 563 2122 acuta
577 2078 663 2143 atque
673 2062 802 2136 subtilia,
817 2063 1015 2137 dubitantem,

333 2143 404 2224 quid
421 2162 523 2204 eorum
544 2140 613 2202 esset
630 2144 813 2203 verissimum
828 2187 840 2215 ,
857 2142 1015 2224 desperasse

334 2244 454 2285 omnem
470 2239 631 2284 verrtarem·
834 2236 839 2243 “

374 2305 422 2364 61.
445 2303 583 2382 Epicurus
602 2303 675 2362 verb
692 2301 784 2384 tuus(
802 2325 869 2364 nam
883 2324 948 2363 cum
962 2303 1014 2365 illo

332 2385 411 2445 malo
429 2381 582 2456 disserere,
601 2382 688 2463 quim
702 2383 824 2465 tecum)
839 2385 907 2464 quid
926 2385 1013 2458 dicit,

373 2464 412 2523 od
431 2484 490 2522 non
503 2463 596 2521 modo
618 2462 799 2543 philosophid
819 2463 936 2544 dignum
956 2467 1013 2538 sit,

344 2543 383 2605 ed
407 2544 548 2603 mediocri
571 2541 757 2621 prudentias?
783 2541 928 2620 Quaeritur
952 2547 1014 2623 pri-

333 2626 414 2683 mum
433 2625 463 2682 in
481 2642 517 2682 ea
533 2620 688 2702 quaestione
708 2665 718 2695 ,
741 2641 803 2701 quae
817 2622 857 2683 est
879 2622 915 2684 de
932 2641 1015 2683 natu·

333 2723 365 2763 ra
383 2701 525 2774 deorum,
542 2703 635 2761 sintne
652 2701 711 2774 dii,
729 2721 822 2763 necne
835 2706 900 2763 sint.
922 2701 1014 2762 Diffi-

332 2782 388 2840 cile
415 2779 455 2840 est
475 2801 606 2923 nezem:
630 2781 748 2855 credo,
773 2784 845 2842 siin
870 2785 1012 2842 concione

331 2876 498 2941 quaeratur3
544 2861 608 2920 din
623 2859 786 2941 hujusmodi
805 2862 957 2929 sermone,
977 2859 1011 2920 δι

331 2943 361 3001 in
387 2937 514 3001 consessu
540 2940 716 3002 facillimum.
744 2941 843 3023 ltaque
868 2960 925 3020 ego
951 2937 1012 3014 ipse

331 3019 495 3104 pomifer,
520 3014 1012 3120 quiceremonias-religionesque
