2709 4017
386 523 463 624 '458'
514 527 579 596 'Da
616 531 937 614 orrrrusrr'ouag

385 664 442 706 nec
458 641 508 713 id,
528 640 609 723 quod
629 661 690 700 non
708 643 835 720 potuerit
847 640 911 702 fien'
930 687 939 715 ,
969 640 1076 703 fasium

385 744 524 805 umquam
540 720 596 783 effe
611 743 620 793 ;
635 741 689 781 nec
700 722 779 802 quod
792 719 938 802 potuerit,
958 724 989 782 id
1006 745 1076 803 por·

382 811 500 876 'tentum
514 801 592 878 effe3
608 806 646 862 ita
665 804 788 863 omnino
807 803 919 863 nullum
936 801 994 868 effe
1006 825 1076 884 por„

383 893 511 948 ¹tentum.

428 965 478 1038 62,
495 962 591 1043 'Quod
617 963 704 1022 'etiam
728 959 880 1042 conjesior
899 963 1019 1044 quida-m
1044 963 1076 1025 ἂ

384 1047 526 1126 interpres
546 1060 748 1124 portentorum
761 1064 823 1103 non
839 1043 938 1104 inscite
955 1043 1079 1124 respon·

384 1123 456 1186 disse
475 1126 576 1190 dicitur
592 1127 638 1196 ei,
654 1125 702 1204 qui
723 1143 812 1204 quum
827 1124 864 1183 ad
879 1143 952 1192 eum
967 1123 1079 1186 retulist-

383 1205 458 1280 set,
480 1208 558 1286 quasi
583 1203 748 1276 ostentum,
770 1203 851 1285 qubd
872 1205 974 1285 anguis
995 1205 1079 1264 domi

386 1286 504 1353 vestem
525 1282 724 1363 circumjesius
745 1281 856 1345 suisset:
880 1283 961 1344 Tum
987 1284 1078 1360 esset,

385 1369 501 1449 inquit,
522 1366 666 1427 ostentum
688 1409 697 1436 ‚
725 1365 749 1425 si
768 1384 893 1448 anguem
911 1363 1004 1426 venis
1021 1368 1079 1434 cirr-

389 1445 627 1528 cumplicaviffet.
664 1444 733 1504 Hoc
771 1446 819 1506 ille
848 1443 986 1525 responso
1017 1447 1079 1521 satis

389 1530 490 1608 aperte
502 1527 659 1587 declaravit
669 1570 679 1598 ,
689 1524 759 1584 nihil
767 1525 934 1592 habendum
947 1524 1005 1587 esse
1016 1547 1082 1608 por·

386 1626 524 1677 ¹tentum,
544 1606 623 1687 quod
635 1603 699 1664 fieri
718 1605 821 1684 posset.

431 1685 547 1746 XXIX.
567 1685 605 1747 C.
619 1684 768 1751 Gracchus
779 1686 816 1746 ad
827 1684 872 1746 M.
881 1683 1081 1766 Pomponium

308 1779 311 1782 ’
386 1767 524 1849 scripsit,
543 1766 656 1834 duobus
677 1768 820 1851 vanguibus
835 1766 923 1827 <domi
945 1788 1081 1849 compree

389 1850 511 1923 nensis,
524 1848 663 1929 aruspices
677 1870 693 1911 a
710 1866 792 1930 patre
806 1865 999 1911 convocatos.
1019 1848 1082 1928 Qui

393 1932 488 2012 magis
514 1929 680 2012 anguibus,
706 1928 794 2011 quim
822 1929 965 2002 lacertis,
996 1930 1082 2010 quim

392 2008 544 2081 muribus?
570 2012 635 2092 quia
648 2007 712 2069 sunt
730 2011 792 2077 haec
810 2009 1007 2090 quotidiana,
1030 2031 1083 2071 an·

417 2112 467 2152 ues
485 2113 545 2150 nou
560 2093 629 2152 item
642 2111 649 2147 t
673 2092 753 2168 quasi
770 2091 843 2151 verb
860 2089 967 2150 referat
980 2135 989 2163 ‚
1003 2089 1084 2169 quod

394 2113 457 2234 ’ἐπὶ
476 2171 590 2251 potest,
605 2170 692 2250 quim
704 2172 733 2230 id
748 2169 822 2250 saepe
837 2168 896 2230 fiat.
908 2169 974 2254 Ego
985 2189 1084 2231 tamen

395 2254 505 2325 miror,
526 2255 549 2310 si
569 2252 686 2310 emissio
703 2249 820 2311 seminae
833 2253 937 2332 anguis
955 2271 1084 2312 mortem

397 2328 535 2390 afferebat
561 2330 629 2390 Tib.
653 2328 820 2406 Gracch0‚
844 2332 962 2390 emissio
988 2348 1086 2392 autem

395 2414 482 2472 maris
502 2413 600 2492 anguis
614 2414 675 2471 erat
691 2411 839 2474 mortifera
849 2410 1021 2486 Corneliae,
1036 2420 1085 2472 cu'r

399 2493 566 2553 alterutram
584 2491 720 2554 emiserit:
739 2493 809 2554 nihil
827 2496 904 2563 enim
921 2492 1017 2554 scribit
1026 2491 1087 2553 res·-

398 2570 530 2654 pondisse
545 2573 705 2653 aruspices,
725 2578 748 2634 si
766 2590 869 2634 neuter
884 2576 985 2655 anguis
1005 2571 1088 2635 emis

397 2653 444 2716 'sus
461 2652 551 2727 esset,
572 2654 641 2734 quid
659 2652 729 2713 esset
741 2654 879 2714 futurum.
898 2654 941 2712 At
953 2675 1033 2713 mors
1048 2657 1088 2713 in·

399 2734 494 2795 secuta
505 2733 671 2794 Gracchum
683 2733 733 2801 est,
751 2733 847 2802 Causa⁵
861 2735 1004 2815 quidem,
1024 2754 1089 2795 cres·

400 2815 441 2874 do
455 2862 464 2889 ,
476 2814 568 2896 aliquai
579 2811 674 2871 morbi
683 2817 841 2894 gravioris,
858 2816 1089 2875 nonemissione

398 2896 555 2976 serpentis:
577 2897 763 2972 nequeenim
780 2913 859 2954 tanta
874 2893 914 2955 est
935 2894 1089 2959 infelicitas

399 2976 584 3055 aruspicum,
611 2989 642 3030 ut
660 2993 698 3033 ne
717 2976 779 3034 casu
825 2975 922 3036 uidem
948 2990 1089 3060 umquam

397 3056 471 3128 fiat,
489 3054 568 3138 quod
582 3050 709 3113 futurum
724 3055 765 3115 iili
778 2997 834 3117 esse
849 3057 985 3118 dixerint.
1071 3101 1075 3111 .
