<?xml version="1.0" encoding="UTF-8"?>
<!DOCTYPE html PUBLIC "-//W3C//DTD XHTML 1.0 Transitional//EN"
    "http://www.w3.org/TR/xhtml1/DTD/xhtml1-transitional.dtd">
<html xmlns="http://www.w3.org/1999/xhtml" xml:lang="en" lang="en">
 <head>
  <title>
</title>
<meta http-equiv="Content-Type" content="text/html;charset=utf-8" />
  <meta name='ocr-system' content='tesseract 3.04.00' />
  <meta name='ocr-capabilities' content='ocr_page ocr_carea ocr_par ocr_line ocrx_word'/>
</head>
<body>
  <div class='ocr_page' id='page_1' title='image "./mtulliiciceroni10lallgoog/mtulliiciceroni10lallgoog_0530.png"; bbox 0 0 2709 4017; ppageno 0'>
   <div class='ocr_carea' id='block_1_1' title="bbox 406 447 1093 631">
    <p class='ocr_par' dir='ltr' id='par_1_1' title="bbox 406 447 1093 631">
     <span class='ocr_line' id='line_1_1' title="bbox 407 447 890 545; baseline -0.012 -29"><span class='ocrx_word' id='word_1_1' title='bbox 407 450 487 545; x_wconf 79' lang='lat'>&#39;526</span> <span class='ocrx_word' id='word_1_2' title='bbox 533 494 538 513; x_wconf 83' lang='lat'>.</span> <span class='ocrx_word' id='word_1_3' title='bbox 593 447 634 516; x_wconf 92' lang='lat' dir='ltr'><em>D</em></span> <span class='ocrx_word' id='word_1_4' title='bbox 648 465 673 515; x_wconf 78' lang='lat' dir='ltr'>a</span> <span class='ocrx_word' id='word_1_5' title='bbox 709 459 778 515; x_wconf 71' lang='grc' dir='ltr'><strong><em>Μ</em></strong></span> <span class='ocrx_word' id='word_1_6' title='bbox 796 459 820 510; x_wconf 78' lang='lat' dir='ltr'>r</span> <span class='ocrx_word' id='word_1_7' title='bbox 840 460 890 530; x_wconf 89' lang='lat' dir='ltr'>o,</span> 
     </span>
     <span class='ocr_line' id='line_1_2' title="bbox 406 559 1093 631; baseline -0.006 -6"><span class='ocrx_word' id='word_1_8' title='bbox 406 565 465 625; x_wconf 91' lang='lat' dir='ltr'>hoc</span> <span class='ocrx_word' id='word_1_9' title='bbox 484 562 589 623; x_wconf 86' lang='lat' dir='ltr'>morbo</span> <span class='ocrx_word' id='word_1_10' title='bbox 608 559 835 631; x_wconf 88' lang='lat' dir='ltr'>convalescere;</span> <span class='ocrx_word' id='word_1_11' title='bbox 859 560 924 618; x_wconf 85' lang='lat' dir='ltr'>sive</span> <span class='ocrx_word' id='word_1_12' title='bbox 944 571 977 618; x_wconf 89' lang='lat' dir='ltr'>tu</span> <span class='ocrx_word' id='word_1_13' title='bbox 998 559 1093 621; x_wconf 83' lang='lat' dir='ltr'>medi·</span> 
     </span>
    </p>
   </div>
   <div class='ocr_carea' id='block_1_2' title="bbox 406 637 1092 1177">
    <p class='ocr_par' dir='ltr' id='par_1_2' title="bbox 406 637 1092 1177">
     <span class='ocr_line' id='line_1_3' title="bbox 408 637 1091 715; baseline -0.003 -12"><span class='ocrx_word' id='word_1_14' title='bbox 408 665 475 703; x_wconf 87' lang='lat' dir='ltr'>cum</span> <span class='ocrx_word' id='word_1_15' title='bbox 504 643 694 715; x_wconf 85' lang='lat' dir='ltr'>adhibueris,</span> <span class='ocrx_word' id='word_1_16' title='bbox 722 644 783 700; x_wconf 90' lang='lat' dir='ltr'>sive</span> <span class='ocrx_word' id='word_1_17' title='bbox 808 659 869 697; x_wconf 89' lang='lat' dir='ltr'>non</span> <span class='ocrx_word' id='word_1_18' title='bbox 897 637 1091 714; x_wconf 84' lang='lat' dir='ltr'>adhibueris,</span> 
     </span>
     <span class='ocr_line' id='line_1_4' title="bbox 407 716 1091 795; baseline -0.001 -13"><span class='ocrx_word' id='word_1_19' title='bbox 407 721 603 782; x_wconf 85' lang='lat' dir='ltr'>convalesces.</span> <span class='ocrx_word' id='word_1_20' title='bbox 620 719 697 782; x_wconf 89' lang='lat' dir='ltr'>Item</span> <span class='ocrx_word' id='word_1_21' title='bbox 718 764 728 794; x_wconf 91' lang='lat'>,</span> <span class='ocrx_word' id='word_1_22' title='bbox 746 718 776 778; x_wconf 90' lang='lat' dir='ltr'>Si</span> <span class='ocrx_word' id='word_1_23' title='bbox 796 716 888 777; x_wconf 88' lang='lat' dir='ltr'>satum</span> <span class='ocrx_word' id='word_1_24' title='bbox 904 718 958 778; x_wconf 89' lang='lat' dir='ltr'>tibi</span> <span class='ocrx_word' id='word_1_25' title='bbox 976 717 1040 795; x_wconf 77' lang='lat' dir='ltr'>est,</span> <span class='ocrx_word' id='word_1_26' title='bbox 1059 741 1091 781; x_wconf 83' lang='lat' dir='ltr'>er</span> 
     </span>
     <span class='ocr_line' id='line_1_5' title="bbox 407 797 1092 870; baseline -0.006 -5"><span class='ocrx_word' id='word_1_27' title='bbox 407 803 464 865; x_wconf 86' lang='lat' dir='ltr'>hoc</span> <span class='ocrx_word' id='word_1_28' title='bbox 482 803 588 862; x_wconf 91' lang='lat' dir='ltr'>morbo</span> <span class='ocrx_word' id='word_1_29' title='bbox 603 822 664 861; x_wconf 90' lang='lat' dir='ltr'>non</span> <span class='ocrx_word' id='word_1_30' title='bbox 681 797 884 860; x_wconf 88' lang='lat' dir='ltr'>convalescere</span> <span class='ocrx_word' id='word_1_31' title='bbox 894 818 904 870; x_wconf 82' lang='lat'>3</span> <span class='ocrx_word' id='word_1_32' title='bbox 915 799 980 858; x_wconf 89' lang='lat' dir='ltr'>sive</span> <span class='ocrx_word' id='word_1_33' title='bbox 992 816 1024 860; x_wconf 91' lang='lat' dir='ltr'>tu</span> <span class='ocrx_word' id='word_1_34' title='bbox 1034 821 1092 861; x_wconf 86' lang='lat' dir='ltr'>me·</span> 
     </span>
     <span class='ocr_line' id='line_1_6' title="bbox 407 877 1089 955; baseline -0.003 -15"><span class='ocrx_word' id='word_1_35' title='bbox 407 882 506 940; x_wconf 89' lang='lat' dir='ltr'>dicum</span> <span class='ocrx_word' id='word_1_36' title='bbox 532 881 692 941; x_wconf 84' lang='lat' dir='ltr'>adhibueris</span> <span class='ocrx_word' id='word_1_37' title='bbox 709 923 718 952; x_wconf 92' lang='lat'>,</span> <span class='ocrx_word' id='word_1_38' title='bbox 735 880 795 938; x_wconf 89' lang='lat' dir='ltr'>sive</span> <span class='ocrx_word' id='word_1_39' title='bbox 820 899 883 937; x_wconf 88' lang='lat' dir='ltr'>non</span> <span class='ocrx_word' id='word_1_40' title='bbox 900 877 1089 955; x_wconf 84' lang='lat' dir='ltr'>adhibueris,</span> 
     </span>
     <span class='ocr_line' id='line_1_7' title="bbox 406 956 1088 1020; baseline -0.004 0"><span class='ocrx_word' id='word_1_41' title='bbox 406 981 469 1020; x_wconf 90' lang='lat' dir='ltr'>non</span> <span class='ocrx_word' id='word_1_42' title='bbox 484 959 684 1020; x_wconf 85' lang='lat' dir='ltr'>convalesces:</span> <span class='ocrx_word' id='word_1_43' title='bbox 697 959 728 1017; x_wconf 87' lang='lat'>&amp;</span> <span class='ocrx_word' id='word_1_44' title='bbox 744 958 913 1018; x_wconf 87' lang='lat' dir='ltr'>alterutrum</span> <span class='ocrx_word' id='word_1_45' title='bbox 931 956 1026 1018; x_wconf 87' lang='lat' dir='ltr'>fatum</span> <span class='ocrx_word' id='word_1_46' title='bbox 1038 956 1088 1019; x_wconf 73' lang='lat' dir='ltr'>esti</span> 
     </span>
     <span class='ocr_line' id='line_1_8' title="bbox 406 1038 1006 1177; baseline -0.002 -77"><span class='ocrx_word' id='word_1_47' title='bbox 406 1039 551 1104; x_wconf 83' lang='lat' dir='ltr'>medicum</span> <span class='ocrx_word' id='word_1_48' title='bbox 571 1058 641 1177; x_wconf 55' lang='lat' dir='ltr'>ergo</span> <span class='ocrx_word' id='word_1_49' title='bbox 661 1038 797 1097; x_wconf 89' lang='lat' dir='ltr'>adhibere</span> <span class='ocrx_word' id='word_1_50' title='bbox 809 1038 879 1096; x_wconf 90' lang='lat' dir='ltr'>nihil</span> <span class='ocrx_word' id='word_1_51' title='bbox 889 1041 1006 1099; x_wconf 91' lang='lat' dir='ltr'>attinet.</span> 
     </span>
    </p>
   </div>
   <div class='ocr_carea' id='block_1_3' title="bbox 326 1116 1086 3031">
    <p class='ocr_par' dir='ltr' id='par_1_3' title="bbox 403 1116 1086 2137">
     <span class='ocr_line' id='line_1_9' title="bbox 444 1116 1086 1199; baseline 0 -22"><span class='ocrx_word' id='word_1_52' title='bbox 444 1116 524 1177; x_wconf 87' lang='lat' dir='ltr'><strong>XIII.</strong></span> <span class='ocrx_word' id='word_1_53' title='bbox 551 1117 595 1178; x_wconf 86' lang='lat' dir='ltr'>Re</span> <span class='ocrx_word' id='word_1_54' title='bbox 624 1119 640 1177; x_wconf 80' lang='grc' dir='ltr'>ὲ</span> <span class='ocrx_word' id='word_1_55' title='bbox 664 1138 753 1199; x_wconf 84' lang='lat' dir='ltr'>genus</span> <span class='ocrx_word' id='word_1_56' title='bbox 773 1118 829 1176; x_wconf 89' lang='lat' dir='ltr'>hoc</span> <span class='ocrx_word' id='word_1_57' title='bbox 854 1120 966 1178; x_wconf 91' lang='lat' dir='ltr'>interro</span> <span class='ocrx_word' id='word_1_58' title='bbox 987 1116 1086 1177; x_wconf 84' lang='lat' dir='ltr'>ationis</span> 
     </span>
     <span class='ocr_line' id='line_1_10' title="bbox 404 1138 1086 1279; baseline -0.001 -23"><span class='ocrx_word' id='word_1_59' title='bbox 404 1196 541 1279; x_wconf 84' lang='lat' dir='ltr'>ignavum</span> <span class='ocrx_word' id='word_1_60' title='bbox 559 1215 645 1279; x_wconf 91' lang='lat' dir='ltr'>atque</span> <span class='ocrx_word' id='word_1_61' title='bbox 658 1199 733 1257; x_wconf 90' lang='lat' dir='ltr'>iners</span> <span class='ocrx_word' id='word_1_62' title='bbox 748 1198 931 1257; x_wconf 84' lang='lat' dir='ltr'>nominatum</span> <span class='ocrx_word' id='word_1_63' title='bbox 942 1138 1002 1272; x_wconf 60' lang='lat' dir='ltr'>ed,</span> <span class='ocrx_word' id='word_1_64' title='bbox 1012 1194 1086 1278; x_wconf 85' lang='lat' dir='ltr'>qubd</span> 
     </span>
     <span class='ocr_line' id='line_1_11' title="bbox 406 1276 1084 1359; baseline -0.003 -21"><span class='ocrx_word' id='word_1_65' title='bbox 406 1278 512 1359; x_wconf 73' lang='lat' dir='ltr'>eadem</span> <span class='ocrx_word' id='word_1_66' title='bbox 523 1280 633 1338; x_wconf 86' lang='lat' dir='ltr'>ratione</span> <span class='ocrx_word' id='word_1_67' title='bbox 651 1278 746 1339; x_wconf 89' lang='lat' dir='ltr'>omnis</span> <span class='ocrx_word' id='word_1_68' title='bbox 761 1297 777 1338; x_wconf 88' lang='lat' dir='ltr'>e</span> <span class='ocrx_word' id='word_1_69' title='bbox 792 1278 853 1337; x_wconf 89' lang='lat' dir='ltr'>vita</span> <span class='ocrx_word' id='word_1_70' title='bbox 867 1276 988 1337; x_wconf 88' lang='lat' dir='ltr'>tolletur</span> <span class='ocrx_word' id='word_1_71' title='bbox 1007 1277 1084 1338; x_wconf 71' lang='lat' dir='ltr'>asiio.</span> 
     </span>
     <span class='ocr_line' id='line_1_12' title="bbox 405 1355 1084 1431; baseline -0.001 -13"><span class='ocrx_word' id='word_1_72' title='bbox 405 1356 488 1418; x_wconf 88' lang='lat' dir='ltr'>Licet</span> <span class='ocrx_word' id='word_1_73' title='bbox 507 1359 594 1418; x_wconf 89' lang='lat' dir='ltr'>etiam</span> <span class='ocrx_word' id='word_1_74' title='bbox 609 1361 782 1431; x_wconf 88' lang='lat' dir='ltr'>immutare,</span> <span class='ocrx_word' id='word_1_75' title='bbox 799 1375 831 1416; x_wconf 92' lang='lat' dir='ltr'>ut</span> <span class='ocrx_word' id='word_1_76' title='bbox 852 1355 902 1416; x_wconf 89' lang='lat' dir='ltr'>fati</span> <span class='ocrx_word' id='word_1_77' title='bbox 920 1377 1032 1417; x_wconf 88' lang='lat' dir='ltr'>nornen</span> <span class='ocrx_word' id='word_1_78' title='bbox 1051 1375 1084 1418; x_wconf 87' lang='lat' dir='ltr'>ne</span> 
     </span>
     <span class='ocr_line' id='line_1_13' title="bbox 404 1436 1085 1519; baseline -0.003 -21"><span class='ocrx_word' id='word_1_79' title='bbox 404 1436 567 1519; x_wconf 86' lang='lat' dir='ltr'>adjungas,</span> <span class='ocrx_word' id='word_1_80' title='bbox 587 1438 619 1499; x_wconf 90' lang='lat'>&amp;</span> <span class='ocrx_word' id='word_1_81' title='bbox 635 1438 769 1500; x_wconf 87' lang='lat' dir='ltr'>eamdem</span> <span class='ocrx_word' id='word_1_82' title='bbox 785 1455 884 1497; x_wconf 88' lang='lat' dir='ltr'>tamen</span> <span class='ocrx_word' id='word_1_83' title='bbox 903 1452 1005 1498; x_wconf 85' lang='lat' dir='ltr'>teneas</span> <span class='ocrx_word' id='word_1_84' title='bbox 1023 1436 1085 1497; x_wconf 88' lang='lat' dir='ltr'>sen·</span> 
     </span>
     <span class='ocr_line' id='line_1_14' title="bbox 404 1515 1084 1592; baseline -0.003 -14"><span class='ocrx_word' id='word_1_85' title='bbox 404 1521 543 1592; x_wconf 88' lang='lat' dir='ltr'>tentiam,</span> <span class='ocrx_word' id='word_1_86' title='bbox 562 1520 618 1579; x_wconf 93' lang='lat' dir='ltr'>hoc</span> <span class='ocrx_word' id='word_1_87' title='bbox 634 1519 742 1578; x_wconf 89' lang='lat' dir='ltr'>modo:</span> <span class='ocrx_word' id='word_1_88' title='bbox 764 1515 794 1576; x_wconf 86' lang='lat' dir='ltr'>si</span> <span class='ocrx_word' id='word_1_89' title='bbox 812 1536 850 1577; x_wconf 85' lang='lat' dir='ltr'>ex</span> <span class='ocrx_word' id='word_1_90' title='bbox 860 1520 1023 1577; x_wconf 87' lang='lat' dir='ltr'>aeternitate</span> <span class='ocrx_word' id='word_1_91' title='bbox 1034 1536 1084 1576; x_wconf 81' lang='lat' dir='ltr'>ve·</span> 
     </span>
     <span class='ocr_line' id='line_1_15' title="bbox 404 1595 1082 1672; baseline -0.001 -14"><span class='ocrx_word' id='word_1_92' title='bbox 404 1619 469 1658; x_wconf 87' lang='lat' dir='ltr'>rum</span> <span class='ocrx_word' id='word_1_93' title='bbox 483 1599 540 1657; x_wconf 92' lang='lat' dir='ltr'>hoc</span> <span class='ocrx_word' id='word_1_94' title='bbox 550 1597 621 1672; x_wconf 86' lang='lat' dir='ltr'>fuit,</span> <span class='ocrx_word' id='word_1_95' title='bbox 642 1598 684 1657; x_wconf 85' lang='lat' dir='ltr'>Ex</span> <span class='ocrx_word' id='word_1_96' title='bbox 695 1597 748 1658; x_wconf 85' lang='lat' dir='ltr'>islo</span> <span class='ocrx_word' id='word_1_97' title='bbox 765 1597 871 1656; x_wconf 88' lang='lat' dir='ltr'>morbo</span> <span class='ocrx_word' id='word_1_98' title='bbox 885 1595 1082 1657; x_wconf 86' lang='lat' dir='ltr'>convalesces:</span> 
     </span>
     <span class='ocr_line' id='line_1_16' title="bbox 405 1675 1083 1749; baseline 0 -13"><span class='ocrx_word' id='word_1_99' title='bbox 405 1679 468 1736; x_wconf 86' lang='lat' dir='ltr'>sive</span> <span class='ocrx_word' id='word_1_100' title='bbox 487 1677 650 1737; x_wconf 88' lang='lat' dir='ltr'>adhibueris</span> <span class='ocrx_word' id='word_1_101' title='bbox 667 1675 833 1749; x_wconf 85' lang='lat' dir='ltr'>medicum,</span> <span class='ocrx_word' id='word_1_102' title='bbox 849 1678 911 1736; x_wconf 90' lang='lat' dir='ltr'>sive</span> <span class='ocrx_word' id='word_1_103' title='bbox 925 1697 987 1738; x_wconf 88' lang='lat' dir='ltr'>non</span> <span class='ocrx_word' id='word_1_104' title='bbox 1006 1676 1083 1736; x_wconf 87' lang='lat' dir='ltr'>adhi-</span> 
     </span>
     <span class='ocr_line' id='line_1_17' title="bbox 404 1753 1084 1836; baseline -0.003 -19"><span class='ocrx_word' id='word_1_105' title='bbox 404 1755 521 1828; x_wconf 88' lang='lat' dir='ltr'>bueris,</span> <span class='ocrx_word' id='word_1_106' title='bbox 538 1756 733 1817; x_wconf 81' lang='lat' dir='ltr'>convalesces.</span> <span class='ocrx_word' id='word_1_107' title='bbox 743 1755 896 1836; x_wconf 85' lang='lat' dir='ltr'>Itemque,</span> <span class='ocrx_word' id='word_1_108' title='bbox 907 1753 938 1814; x_wconf 85' lang='lat' dir='ltr'>si</span> <span class='ocrx_word' id='word_1_109' title='bbox 953 1777 991 1817; x_wconf 84' lang='lat' dir='ltr'>ex</span> <span class='ocrx_word' id='word_1_110' title='bbox 1007 1772 1084 1816; x_wconf 78' lang='lat' dir='ltr'>aeter·</span> 
     </span>
     <span class='ocr_line' id='line_1_18' title="bbox 404 1834 1083 1906; baseline 0.001 -12"><span class='ocrx_word' id='word_1_111' title='bbox 404 1839 494 1895; x_wconf 90' lang='lat' dir='ltr'>nitate</span> <span class='ocrx_word' id='word_1_112' title='bbox 507 1838 562 1897; x_wconf 91' lang='lat' dir='ltr'>hoc</span> <span class='ocrx_word' id='word_1_113' title='bbox 573 1837 673 1897; x_wconf 89' lang='lat' dir='ltr'>falsum</span> <span class='ocrx_word' id='word_1_114' title='bbox 686 1837 756 1906; x_wconf 89' lang='lat' dir='ltr'>suit,</span> <span class='ocrx_word' id='word_1_115' title='bbox 769 1834 811 1895; x_wconf 85' lang='lat' dir='ltr'>Er</span> <span class='ocrx_word' id='word_1_116' title='bbox 823 1835 875 1896; x_wconf 93' lang='lat' dir='ltr'>isto</span> <span class='ocrx_word' id='word_1_117' title='bbox 889 1837 995 1897; x_wconf 88' lang='lat' dir='ltr'>morbo</span> <span class='ocrx_word' id='word_1_118' title='bbox 1013 1857 1083 1895; x_wconf 92' lang='lat' dir='ltr'>con·</span> 
     </span>
     <span class='ocr_line' id='line_1_19' title="bbox 405 1915 1082 1990; baseline 0.006 -15"><span class='ocrx_word' id='word_1_119' title='bbox 405 1915 550 1976; x_wconf 87' lang='lat' dir='ltr'>valesccs:</span> <span class='ocrx_word' id='word_1_120' title='bbox 569 1920 631 1978; x_wconf 92' lang='lat' dir='ltr'>sive</span> <span class='ocrx_word' id='word_1_121' title='bbox 653 1918 815 1976; x_wconf 88' lang='lat' dir='ltr'>adhibueris</span> <span class='ocrx_word' id='word_1_122' title='bbox 832 1915 979 1976; x_wconf 84' lang='lat' dir='ltr'>medicum</span> <span class='ocrx_word' id='word_1_123' title='bbox 997 1961 1007 1990; x_wconf 96' lang='lat'>,</span> <span class='ocrx_word' id='word_1_124' title='bbox 1025 1918 1082 1979; x_wconf 80' lang='lat' dir='ltr'>sive</span> 
     </span>
     <span class='ocr_line' id='line_1_20' title="bbox 405 1994 1082 2073; baseline 0 -16"><span class='ocrx_word' id='word_1_125' title='bbox 405 2017 466 2057; x_wconf 87' lang='lat' dir='ltr'>non</span> <span class='ocrx_word' id='word_1_126' title='bbox 484 1996 666 2073; x_wconf 88' lang='lat' dir='ltr'>adhibueris,</span> <span class='ocrx_word' id='word_1_127' title='bbox 684 2019 744 2057; x_wconf 89' lang='lat' dir='ltr'>non</span> <span class='ocrx_word' id='word_1_128' title='bbox 761 1994 964 2058; x_wconf 85' lang='lat' dir='ltr'>convalesces:</span> <span class='ocrx_word' id='word_1_129' title='bbox 982 1995 1082 2058; x_wconf 87' lang='lat' dir='ltr'>deinde</span> 
     </span>
     <span class='ocr_line' id='line_1_21' title="bbox 403 2094 512 2137; baseline 0 0"><span class='ocrx_word' id='word_1_130' title='bbox 403 2094 512 2137; x_wconf 71' lang='lat' dir='ltr'>cetera·</span> 
     </span>
    </p>

    <p class='ocr_par' dir='ltr' id='par_1_4' title="bbox 326 2153 1083 3031">
     <span class='ocr_line' id='line_1_22' title="bbox 449 2153 1083 2237; baseline 0 -23"><span class='ocrx_word' id='word_1_131' title='bbox 449 2173 495 2234; x_wconf 80' lang='lat'>30.</span> <span class='ocrx_word' id='word_1_132' title='bbox 514 2155 585 2214; x_wconf 83' lang='lat' dir='ltr'>Haec</span> <span class='ocrx_word' id='word_1_133' title='bbox 601 2158 673 2216; x_wconf 86' lang='lat' dir='ltr'>tatio</span> <span class='ocrx_word' id='word_1_134' title='bbox 688 2154 884 2237; x_wconf 87' lang='lat' dir='ltr'>aChrysippo</span> <span class='ocrx_word' id='word_1_135' title='bbox 896 2153 1083 2237; x_wconf 82' lang='lat' dir='ltr'>reprehendi·</span> 
     </span>
     <span class='ocr_line' id='line_1_23' title="bbox 403 2235 1081 2317; baseline 0.001 -23"><span class='ocrx_word' id='word_1_136' title='bbox 403 2252 459 2294; x_wconf 86' lang='lat' dir='ltr'>tut.</span> <span class='ocrx_word' id='word_1_137' title='bbox 474 2235 618 2312; x_wconf 85' lang='lat' dir='ltr'>Quaedam</span> <span class='ocrx_word' id='word_1_138' title='bbox 637 2239 715 2296; x_wconf 88' lang='lat' dir='ltr'>enirn</span> <span class='ocrx_word' id='word_1_139' title='bbox 727 2236 808 2309; x_wconf 92' lang='lat' dir='ltr'>sunt,</span> <span class='ocrx_word' id='word_1_140' title='bbox 829 2239 940 2317; x_wconf 90' lang='lat' dir='ltr'>inquit,</span> <span class='ocrx_word' id='word_1_141' title='bbox 958 2239 988 2295; x_wconf 88' lang='lat' dir='ltr'>in</span> <span class='ocrx_word' id='word_1_142' title='bbox 999 2236 1081 2296; x_wconf 86' lang='lat' dir='ltr'>rebus</span> 
     </span>
     <span class='ocr_line' id='line_1_24' title="bbox 326 2314 1080 2396; baseline -0.001 -21"><span class='ocrx_word' id='word_1_143' title='bbox 326 2375 329 2380; x_wconf 77' lang='grc'>,</span> <span class='ocrx_word' id='word_1_144' title='bbox 400 2315 562 2391; x_wconf 80' lang='lat' dir='ltr'>simplicia,</span> <span class='ocrx_word' id='word_1_145' title='bbox 582 2319 713 2394; x_wconf 86' lang='lat' dir='ltr'>quaedarn</span> <span class='ocrx_word' id='word_1_146' title='bbox 724 2318 866 2396; x_wconf 86' lang='lat' dir='ltr'>copulata.</span> <span class='ocrx_word' id='word_1_147' title='bbox 884 2315 1012 2396; x_wconf 87' lang='lat' dir='ltr'>Simplex</span> <span class='ocrx_word' id='word_1_148' title='bbox 1022 2314 1062 2375; x_wconf 87' lang='lat' dir='ltr'>est</span> <span class='ocrx_word' id='word_1_149' title='bbox 1068 2356 1080 2387; x_wconf 87' lang='lat'>,</span> 
     </span>
     <span class='ocr_line' id='line_1_25' title="bbox 404 2392 1080 2474; baseline 0 -23"><span class='ocrx_word' id='word_1_150' title='bbox 404 2392 549 2452; x_wconf 87' lang='lat' dir='ltr'>Morietur</span> <span class='ocrx_word' id='word_1_151' title='bbox 561 2413 599 2452; x_wconf 90' lang='lat' dir='ltr'>eo</span> <span class='ocrx_word' id='word_1_152' title='bbox 617 2396 663 2455; x_wconf 90' lang='lat' dir='ltr'>die</span> <span class='ocrx_word' id='word_1_153' title='bbox 681 2394 831 2456; x_wconf 84' lang='lat' dir='ltr'>Socrates:</span> <span class='ocrx_word' id='word_1_154' title='bbox 848 2396 929 2467; x_wconf 90' lang='lat' dir='ltr'>huic,</span> <span class='ocrx_word' id='word_1_155' title='bbox 943 2399 1004 2455; x_wconf 89' lang='lat' dir='ltr'>sive</span> <span class='ocrx_word' id='word_1_156' title='bbox 1012 2393 1080 2474; x_wconf 89' lang='lat' dir='ltr'>quid</span> 
     </span>
     <span class='ocr_line' id='line_1_26' title="bbox 403 2472 1080 2547; baseline 0 -13"><span class='ocrx_word' id='word_1_157' title='bbox 403 2472 526 2544; x_wconf 83' lang='lat' dir='ltr'>fecerit,</span> <span class='ocrx_word' id='word_1_158' title='bbox 548 2475 609 2534; x_wconf 91' lang='lat' dir='ltr'>sive</span> <span class='ocrx_word' id='word_1_159' title='bbox 627 2497 688 2536; x_wconf 91' lang='lat' dir='ltr'>non</span> <span class='ocrx_word' id='word_1_160' title='bbox 702 2475 822 2547; x_wconf 90' lang='lat' dir='ltr'>secerit,</span> <span class='ocrx_word' id='word_1_161' title='bbox 839 2473 936 2535; x_wconf 84' lang='lat' dir='ltr'>finitus</span> <span class='ocrx_word' id='word_1_162' title='bbox 956 2473 996 2535; x_wconf 87' lang='lat' dir='ltr'>cst</span> <span class='ocrx_word' id='word_1_163' title='bbox 1013 2495 1080 2534; x_wconf 88' lang='lat' dir='ltr'>tno·</span> 
     </span>
     <span class='ocr_line' id='line_1_27' title="bbox 403 2553 1080 2629; baseline 0 -15"><span class='ocrx_word' id='word_1_164' title='bbox 403 2553 496 2614; x_wconf 87' lang='lat' dir='ltr'>riendi</span> <span class='ocrx_word' id='word_1_165' title='bbox 515 2553 585 2614; x_wconf 89' lang='lat' dir='ltr'>dies.</span> <span class='ocrx_word' id='word_1_166' title='bbox 605 2555 647 2615; x_wconf 87' lang='lat' dir='ltr'>At</span> <span class='ocrx_word' id='word_1_167' title='bbox 664 2558 688 2614; x_wconf 85' lang='lat' dir='ltr'>si</span> <span class='ocrx_word' id='word_1_168' title='bbox 703 2558 741 2615; x_wconf 93' lang='lat' dir='ltr'>ita</span> <span class='ocrx_word' id='word_1_169' title='bbox 758 2554 848 2614; x_wconf 87' lang='lat' dir='ltr'>satum</span> <span class='ocrx_word' id='word_1_170' title='bbox 866 2556 927 2629; x_wconf 88' lang='lat' dir='ltr'>sit,</span> <span class='ocrx_word' id='word_1_171' title='bbox 944 2554 1080 2615; x_wconf 82' lang='lat' dir='ltr'>Nascetur</span> 
     </span>
     <span class='ocr_line' id='line_1_28' title="bbox 401 2631 1081 2715; baseline -0.004 -18"><span class='ocrx_word' id='word_1_172' title='bbox 401 2631 525 2712; x_wconf 72' lang='lat' dir='ltr'>OEdipus</span> <span class='ocrx_word' id='word_1_173' title='bbox 539 2635 628 2695; x_wconf 86' lang='lat' dir='ltr'>Laio:</span> <span class='ocrx_word' id='word_1_174' title='bbox 646 2656 706 2695; x_wconf 90' lang='lat' dir='ltr'>non</span> <span class='ocrx_word' id='word_1_175' title='bbox 718 2638 824 2715; x_wconf 89' lang='lat' dir='ltr'>poterit</span> <span class='ocrx_word' id='word_1_176' title='bbox 843 2634 920 2708; x_wconf 90' lang='lat' dir='ltr'>dici,</span> <span class='ocrx_word' id='word_1_177' title='bbox 934 2633 1006 2695; x_wconf 88' lang='lat' dir='ltr'>Sive</span> <span class='ocrx_word' id='word_1_178' title='bbox 1018 2633 1081 2694; x_wconf 83' lang='lat' dir='ltr'>fue·</span> 
     </span>
     <span class='ocr_line' id='line_1_29' title="bbox 400 2712 1081 2789; baseline -0.001 -14"><span class='ocrx_word' id='word_1_179' title='bbox 400 2716 439 2775; x_wconf 86' lang='lat' dir='ltr'>rit</span> <span class='ocrx_word' id='word_1_180' title='bbox 459 2712 541 2773; x_wconf 84' lang='lat' dir='ltr'>Laius</span> <span class='ocrx_word' id='word_1_181' title='bbox 561 2735 626 2773; x_wconf 89' lang='lat' dir='ltr'>cum</span> <span class='ocrx_word' id='word_1_182' title='bbox 645 2716 795 2789; x_wconf 88' lang='lat' dir='ltr'>muliere,</span> <span class='ocrx_word' id='word_1_183' title='bbox 818 2715 880 2773; x_wconf 88' lang='lat' dir='ltr'>sive</span> <span class='ocrx_word' id='word_1_184' title='bbox 900 2736 962 2774; x_wconf 93' lang='lat' dir='ltr'>non</span> <span class='ocrx_word' id='word_1_185' title='bbox 977 2714 1081 2788; x_wconf 86' lang='lat' dir='ltr'>suerit;</span> 
     </span>
     <span class='ocr_line' id='line_1_30' title="bbox 402 2792 1081 2873; baseline 0.001 -20"><span class='ocrx_word' id='word_1_186' title='bbox 402 2794 538 2872; x_wconf 90' lang='lat' dir='ltr'>copulata</span> <span class='ocrx_word' id='word_1_187' title='bbox 556 2796 633 2853; x_wconf 88' lang='lat' dir='ltr'>enim</span> <span class='ocrx_word' id='word_1_188' title='bbox 650 2815 696 2854; x_wconf 86' lang='lat' dir='ltr'>res</span> <span class='ocrx_word' id='word_1_189' title='bbox 715 2793 775 2866; x_wconf 88' lang='lat' dir='ltr'>est,</span> <span class='ocrx_word' id='word_1_190' title='bbox 797 2794 828 2853; x_wconf 77' lang='grc' dir='ltr'>δι</span> <span class='ocrx_word' id='word_1_191' title='bbox 849 2792 1021 2873; x_wconf 83' lang='lat' dir='ltr'>consatalr&#39;s;</span> <span class='ocrx_word' id='word_1_192' title='bbox 1043 2797 1081 2854; x_wconf 86' lang='lat' dir='ltr'>sic</span> 
     </span>
     <span class='ocr_line' id='line_1_31' title="bbox 400 2872 1081 2954; baseline 0.001 -21"><span class='ocrx_word' id='word_1_193' title='bbox 400 2875 480 2934; x_wconf 86' lang='lat' dir='ltr'>eninr</span> <span class='ocrx_word' id='word_1_194' title='bbox 498 2874 642 2951; x_wconf 83' lang='lat' dir='ltr'>appellat:</span> <span class='ocrx_word' id='word_1_195' title='bbox 659 2875 724 2954; x_wconf 90' lang='lat' dir='ltr'>quia</span> <span class='ocrx_word' id='word_1_196' title='bbox 738 2877 778 2935; x_wconf 88' lang='lat' dir='ltr'>ita</span> <span class='ocrx_word' id='word_1_197' title='bbox 792 2872 884 2933; x_wconf 86' lang='lat' dir='ltr'>satum</span> <span class='ocrx_word' id='word_1_198' title='bbox 899 2877 953 2948; x_wconf 90' lang='lat' dir='ltr'>sit,</span> <span class='ocrx_word' id='word_1_199' title='bbox 965 2875 997 2935; x_wconf 91' lang='lat'>&amp;</span> <span class='ocrx_word' id='word_1_200' title='bbox 1009 2895 1081 2936; x_wconf 88' lang='lat' dir='ltr'>con·</span> 
     </span>
     <span class='ocr_line' id='line_1_32' title="bbox 400 2953 1081 3031; baseline 0.007 -17"><span class='ocrx_word' id='word_1_201' title='bbox 400 2953 565 3029; x_wconf 77' lang='lat' dir='ltr'>cubiturum</span> <span class='ocrx_word' id='word_1_202' title='bbox 582 2973 649 3014; x_wconf 86' lang='lat' dir='ltr'>curn</span> <span class='ocrx_word' id='word_1_203' title='bbox 665 2974 757 3017; x_wconf 86' lang='lat' dir='ltr'>uxore</span> <span class='ocrx_word' id='word_1_204' title='bbox 777 2953 903 3031; x_wconf 84' lang='lat' dir='ltr'>Laium,</span> <span class='ocrx_word' id='word_1_205' title='bbox 930 2955 1023 3019; x_wconf 81' lang='lat' dir='ltr'>&amp;ex</span> <span class='ocrx_word' id='word_1_206' title='bbox 1047 2973 1081 3019; x_wconf 78' lang='lat' dir='ltr'>ea</span> 
     </span>
    </p>
   </div>
   <div class='ocr_carea' id='block_1_4' title="bbox 0 0 1360 4017">
    <p class='ocr_par' dir='ltr' id='par_1_5' title="bbox 0 0 1360 4017">
     <span class='ocr_line' id='line_1_33' title="bbox 0 0 1360 4017; baseline 0 3"><span class='ocrx_word' id='word_1_207' title='bbox 0 0 1360 4017; x_wconf 95' lang='lat' dir='ltr'> </span> 
     </span>
    </p>
   </div>
  </div>
 </body>
</html>
