2709 4017
359 443 549 521 ,Lrnrn
580 460 861 516 rncuunvs.
899 465 976 539 273

284 557 520 634 ,cibus-animalis
530 600 541 628 ,
581 577 620 616 uo
640 558 766 618 maxime
784 559 897 621 aluntur
915 561 981 619 ani·-

292 658 418 709 mantes.
438 636 483 697 Ex
497 577 635 696 intellinis
650 656 768 711 autem,
786 639 817 699 &
829 640 918 712 alvo,
932 639 981 701 se-

282 737 389 781 cretus
408 740 426 778 a
443 719 555 798 reliquo
574 717 641 776 cibo
663 717 761 777 succus
780 720 826 792 is,
844 739 902 800 quo
925 720 981 779 ali·

282 820 358 861 mur
375 841 386 872 ,
406 815 558 878 permanat
578 796 615 856 ad
634 795 716 876 jecur
736 817 789 880 per
808 798 942 880 quasdam
961 821 980 860 a

282 879 395 974 ,medin
418 877 554 972 intestino
577 876 664 957 usque
688 878 725 937 ad
752 895 849 959 portas
874 876 979 975 iecoris

282 958 463 1118 llssflll
477 956 779 1119 {llllll‘lrlllsss
788 958 982 1120 ‚illidi

283 1121 414 1184 -haerent
436 1117 535 1197 Atque
547 1116 616 1181 inde
628 1117 688 1208 aliae
699 1121 876 1198 pertinentes
893 1120 957 1180 sunt
965 1164 979 1192 ,

294 1220 349 1282 per
364 1218 435 1280 quas
446 1198 522 1259 cadit
537 1199 617 1259 cibus
629 1218 645 1256 a
656 1214 757 1275 jecore
769 1198 909 1293 delapsus.
927 1199 979 1260 Ab

296 1299 335 1340 eo
355 1278 421 1339 cibo
438 1297 527 1360 quum
544 1275 584 1337 est
600 1277 707 1337 secreta
721 1278 804 1350 bilis,
824 1282 900 1360 rique
920 1280 980 1340 hu-

280 1406 283 1413 -
295 1379 416 1432 mores,
430 1361 479 1439 qui
494 1379 529 1419 ex
542 1359 657 1418 renibus
673 1353 906 1437 profunduntur,
929 1379 980 1420 re·

294 1440 373 1521 liqut
386 1438 415 1498 se
429 1441 459 1498 in
473 1438 641 1520 sanguinem
651 1455 787 1510 vertunt,
799 1438 835 1498 ad
845 1439 981 1499 easdem-

295 1540 354 1601 que
367 1536 466 1600 portas
477 1517 583 1596 iecoris
600 1517 770 1594 confluunt,
784 1521 821 1578 ad
831 1542 900 1600 quas
917 1540 980 1580 om·

278 1621 349 1663 -nes
366 1598 428 1679 ejus
449 1603 507 1659 viae
527 1600 696 1679 pertinent:
720 1619 773 1680 per
794 1621 863 1681 quas
885 1601 980 1681 lapsus

279 1682 399 1753 ¹cibus,
417 1681 446 1738 in
465 1680 521 1739 hoc
544 1677 605 1758 ipso
625 1678 696 1738 loco
716 1681 745 1738 in
766 1700 831 1740 eam
846 1701 951 1742 venam
967 1724 982 1752 ,

278 1780 363 1842 .quae
383 1781 455 1820 cava
474 1758 657 1840 appellatur,
678 1759 889 1833 confunditur,
909 1777 981 1840 per·-

297 1860 356 1923 que
374 1860 439 1901 eam
457 1841 495 1899 ad
511 1860 562 1899 cor
582 1837 730 1920 confedlus
749 1835 807 1915 jam
826 1840 981 1919 codusque

276 1982 282 1990 ,
296 1919 472 2002 perlabitur:
493 1919 614 1979 acorde
636 1935 732 1977 autem
748 1921 778 1976 in
796 1935 893 1978 totum
912 1941 982 1979 cor-

278 2020 352 2082 ¹pus
371 1998 541 2067 distribuitur
559 2017 711 2079 pervertas
731 1998 888 2059 admodum
904 1999 981 2065 mul-

297 2098 363 2155 tas,
378 2083 408 2140 in
423 2100 526 2140 omnes
539 2095 633 2158 partes
647 2080 778 2158 corporis
791 2083 983 2159 pertinentes.

276 2200 280 2209 ·
348 2159 415 2239 138.
443 2156 707 2237 Quemadmodum
729 2177 826 2222 autem
852 2161 983 2240 reliquiae

298 2241 356 2301 cibi
379 2240 583 2320 depellantur,
609 2257 672 2298 tum
691 2237 930 2322 adstringentibus
950 2241 983 2301 se

257 2318 435 2381 '.intestinis
456 2365 466 2392 ‚
489 2337 551 2378 tum
576 2320 795 2396 relaxantibus,
819 2322 895 2381 haud
915 2321 984 2381 sane

276 2462 280 2467 ,
297 2399 414 2461 difficile
434 2398 509 2460 dictu
530 2397 571 2459 est
587 2419 597 2471 ;
616 2399 665 2460 sed
684 2418 781 2460 tamen
800 2420 983 2490 praetereun-

276 2480 371 2541 .dum
394 2478 458 2554 est,
484 2499 521 2539 ne
548 2479 618 2560 quid
639 2480 744 2538 habeat
768 2482 985 2558 injucunditatis

275 2608 281 2617 .
299 2562 405 2621 oratio.
432 2558 485 2619 Illa
506 2564 601 2639 potius
619 2559 784 2638 ¹explicetur
805 2562 985 2623 incredibilis

279 2639 409 2701 .fabrica
431 2657 549 2699 naturae.
573 2638 649 2698 Nam
671 2660 734 2720 quae
754 2640 850 2719 spiritu
867 2645 896 2701 in
916 2641 984 2721 pul·

273 2784 278 2799 ⁴
300 2741 405 2782 mones
424 2723 519 2779 anima
530 2721 662 2792 ducitur,
677 2738 712 2779 ca
729 2722 840 2782 calescit
858 2723 986 2801 primum
1040 2730 1049 2749 ¹

301 2798 339 2859 ab
356 2821 393 2861 eo
409 2799 524 2881 spiritu,
537 2799 643 2860 deinde
655 2821 709 2860 coa
731 2805 848 2863 itatione
867 2801 986 2879 pulmo·

287 2900 392 2949 ‚nttmz
408 2901 445 2945 ex
457 2901 550 2964 eaque
566 2901 632 2964 pars
649 2821 779 2944 reddtur
796 2878 989 3020 rffirmdo,

864 2981 886 3030 V,
