2709 4017
442 538 600 608 LIBER
630 555 844 608 PRIMUS·
900 559 973 630 401

293 653 379 732 pltaae
396 650 489 726 sano,
506 653 587 734 quod
604 652 643 714 esi
660 655 691 713 in
712 673 781 734 agro
796 667 915 733 propter
934 675 981 713 ur·

291 735 382 808 bem,
394 733 556 794 somniandi
575 734 680 807 causi,
698 733 894 808 incubabant,
913 735 980 815 quia

290 833 364 877 vera
377 817 480 894 quietis
498 816 612 875 oracula
629 815 785 875 ducebant.

334 911 384 971 97.
406 895 455 955 Ad
476 894 570 956 nostra
587 895 646 975 jam
661 896 763 955 redeo.
782 892 911 972 Quoties
934 893 980 955 se·

289 988 374 1032 natus
403 972 587 1036 decemviros
615 976 652 1036 ad
677 977 767 1036 libros
794 978 836 1034 ire
869 974 950 1053 jussit
964 970 981 1035 ?'

289 1050 419 1130 Quantis
436 1057 466 1114 in
485 1058 590 1129 rebus,
608 1059 754 1138 qualmque
770 1053 845 1136 saepe
862 1055 979 1136 respon·

289 1132 327 1190 sis
345 1131 504 1213 aruspicum
522 1137 637 1216 paruit?
656 1136 734 1195 Nam
757 1135 788 1194 &
808 1157 897 1216 quum
915 1137 974 1196 duo

287 1213 344 1271 visi
359 1212 433 1273 soles
453 1214 563 1289 essent,
582 1218 615 1276 δι
634 1237 723 1297 quum
744 1232 803 1274 tres
823 1217 918 1288 lunae,
941 1217 975 1276 &

310 1313 379 1352 uum
390 1293 490 1368 faces,
506 1297 537 1355 &
550 1317 639 1374 quum
651 1297 693 1355 sol
707 1295 793 1354 noue
802 1294 876 1354 visus
886 1294 975 1371 effer,

287 1312 322 1432 ἒ
336 1394 425 1454 quum
440 1377 545 1435 ecoelo
555 1375 684 1436 fremitus
698 1375 829 1449 auditus,
841 1376 871 1434 &
885 1397 974 1456 quum

285 1455 395 1526 coelum
410 1453 564 1516 discessisse
585 1455 678 1518 visum
700 1455 760 1528 est,
780 1472 865 1535 atque
883 1458 912 1516 in
934 1477 972 1518 eo

284 1534 480 1595 animadversi
497 1538 588 1617 globi.
609 1535 716 1596 Delata
732 1537 871 1597 etiamad
887 1535 973 1597 sena·

267 1627 347 1674 tum
361 1614 441 1675 labes
456 1619 516 1697 agri
536 1616 729 1690 Privernatis,
748 1638 836 1695 quum
851 1616 891 1683 ,ad
906 1616 974 1677 infi-

283 1695 377 1753 nitam
395 1696 576 1757 altitudinem
599 1716 675 1757 terra
699 1696 911 1770 desedill'er,A
936 1719 971 1758 u-

282 1773 382 1855 liaque
395 1779 527 1836 maximis
543 1794 626 1836 terrae
642 1778 770 1837 motibus
787 1799 900 1857 conqua
924 1795 971 1838 ata

282 1852 384 1915 esset:
421 1858 524 1938 quibus
551 1860 695 1937 portentis
724 1877 828 1937 magna
856 1858 970 1936 populo

273 1932 421 2016 x‚Romano
440 1936 536 2011 bella,
565 1935 790 2017 perniciosaeque
813 1935 970 1997 seditiones

282 2015 547 2076 denuntiabantur:
581 2019 669 2097 inque
690 2017 733 2076 his
754 2016 887 2079 omnibus
911 2017 970 2078 res·

281 2093 372 2176 ponsa
397 2095 556 2177 aruspicum
587 2115 654 2158 cum
686 2096 806 2178 Sibyllae
837 2098 969 2158 versibus

281 2195 339 2235 con
362 2176 493 2238 ruebant.

276 2294 282 2300 -
322 2196 372 2332 pd.
393 2255 502 2334 Quid,
520 2279 608 2338 quum
630 2257 731 2320 Cumis
752 2255 866 2338 Apollo
884 2256 967 2318 suda·

279 2335 346 2395 vit?
367 2335 477 2417 Capuae
493 2338 644 2398 Visloria?
665 2339 734 2419 quid
754 2357 832 2398 ortus
856 2339 967 2400 andro-

324 2415 377 2476 ni?
400 2438 499 2479 nonne
520 2419 608 2479 fatale
627 2419 775 2498 quoddam
804 2419 964 2480 monslrum

311 2496 332 2553 it
347 2495 358 2555 l
380 2497 473 2577 quid,
491 2500 570 2579 qubd
581 2499 685 2558 fluvius
701 2499 816 2556 Atratus
827 2499 963 2580 sanguine

277 2574 383 2636 fluxit?
401 2578 470 2656 quid
485 2624 495 2651 ,
513 2601 601 2657 quum
625 2577 699 2658 saepe
720 2577 848 2656 lapidum
866 2622 875 2650 ,
895 2579 964 2639 san-

275 2658 370 2736 guinis
399 2678 645 2737 nonnumquam,
678 2674 762 2716 terrae
791 2658 963 2731 interdum,

276 2735 427 2815 quondam
459 2741 545 2798 eriam
573 2736 651 2797 lailis
685 2738 777 2797 imber
813 2739 962 2800 defluxit?

275 2816 368 2896 quid,
389 2837 478 2895 quum
494 2820 523 2876 in
541 2815 691 2896 Capitolio
716 2817 785 2878 illus
808 2836 960 2878 centaurus

275 2914 293 2955 e
308 2897 384 2955 coelo
403 2894 463 2955 est?
481 2898 512 2954 in
529 2895 680 2958 Aventino
696 2917 808 2978 portae,
822 2899 852 2957 &
867 2899 961 2959 homi-

274 2985 348 3034 nes?
375 2973 492 3034 Tusculi
516 2976 593 3036 aedes
615 2975 793 3039 Castoris&
814 2976 959 3052 Pollucis,

272 3053 437 3137 Romaeque
449 3055 588 3120 Pietatis?
609 3078 708 3122 nonne
725 3060 757 3124 dc
773 3057 914 3141 aruspices
923 3078 960 3123 ea
