2709 4017
434 458 603 546 Lauare.
625 465 823 543 suavus>
835 471 896 529 us.
943 455 1052 548 467„

332 566 422 638 nostri
433 572 485 631 nisi
497 569 640 651 auspicato
652 570 825 631 noluerunt:
838 568 925 651 quim
938 556 1023 630 multi

333 653 402 727 anni
415 649 498 724 sunt,
519 674 609 732 quum
624 651 703 711 bella
720 673 737 710 a
756 649 975 732 proconsulibus
991 652 1023 712 dc

334 731 563 821 propraetoribus
587 729 838 806 administrantur,
855 734 902 812 qui
925 730 1023 812 auspi-

333 814 381 872 cia
399 834 459 872 non
474 814 582 873 habent
598 808 721 893 lltaque
739 833 793 871 nec
813 833 911 872 amnes
928 810 1024 872 trans-

334 898 407 955 eunt
425 891 673 973 auspicatb·,·nec·
693 893 819 972 tripudio
838 891 1028 972 auspicantur.

335 971 416 1034 Nam
435 993 470 1032 ex
486 973 663 1036 acuminibus
681 971 797 1053 quidem
811 973 910 1053 ,quod
927 991 1024 1041 totum

334 1053 492 1134 auspicium
509 1055 631 1132 militare
646 1051 705 1126 est,
722 1052 781 1132 jam
801 1052 847 1112 M.
867 1050 1027 1131 Marcellus¹

335 1133 387 1197 ille
405 1136 554 1214 quinquies
570 1132 669 1193 consul
686 1150 779 1195 toturn
796 1136 893 1194 omisit
909 1135 1028 1210 ,idem

336 1216 518 1295 imperator,
536 1214 615 1273 idem
633 1234 722 1335 augur
742 1216 877 1294 optimus.
898 1214 960 1274 Ubi
978 1235 1027 1278 er-

337 1314 379 1376 go
404 1295 502 1357 avium
523 1294 689 1354 divinatio.
713 1315 802 1373 quae,
825 1295 962 1374 quoniam
988 1295 1027 1361 ab,

337 1377 394 1447 iis,
415 1376 464 1455 qui
487 1373 607 1454 auspicia
624 1373 702 1432 nulla
721 1372 828 1432 hahent
847 1418 857 1446 ,
881 1375 957 1435 bella
976 1374 1028 1433 ad·
1086 1424 1089 1428 ,

337 1454 550 1527 ministrantur,
569 1453 605 1512 ab
625 1455 738 1512 urbanis
759 1470 870 1514 retenta
891 1455 1031 1530 videtur,

338 1557 356 1596 a
374 1534 485 1595 bellicis
502 1531 558 1594 esse
577 1533 696 1594 sublata.
720 1533 757 1593 Et
775 1535 891 1615 quidem
908 1536 955 1595 ille
979 1535 1028 1595 din*

339 1617 447 1688 cebat,
466 1615 489 1677 sl
509 1615 626 1695 quando
647 1635 707 1675 rem
727 1637 745 1674 a
768 1635 816 1676 ere
840 1615 960 1688 vellet,
985 1635 1027 1685 ne

339 1695 528 1776 impediretur
545 1693 692 1776 auspiciis,
707 1635 809 1756 lesina
824 1697 927 1776 operti
946 1695 1028 1757 sace·

340 1796 373 1843 re
398 1779 452 1836 iter
471 1774 500 1836 se
516 1774 620 1837 solere.
645 1776 722 1834 Huic
742 1776 833 1835 simile
855 1775 923 1850 est,
947 1773 1029 1856 quod

339 1878 397 1917 uos
416 1876 537 1936 augures
556 1858 765 1936 praecipimus,
790 1875 827 1915 ne
846 1852 913 1937 juge
936 1857 1031 1936 auspi*

342 1939 418 2005 cium
439 1938 602 2009 obveniat,
627 1955 659 1994 ut
682 1933 811 2012 jumenta
838 1932 957 2011 iubeant
983 1937 1032 1996 di·

341 2015 474 2098 jungere.
495 2013 581 2095 Quid
601 2013 643 2074 est
664 2014 845 2075 aliud-nolle
872 2019 986 2076 moneri
1010 2038 1030 2089 a

342 2097 438 2171 Jove,
459 2099 513 2156 nisi
531 2095 667 2169 efficere,
681 2113 712 2156 ut
729 2112 779 2155 aut·
795 2116 832 2157 ne
853 2093 916 2157 sieri
938 2099 1032 2178 possit

342 2177 515 2254 auspicium,
535 2196 603 2251 aut,
619 2180 642 2236 si
657 2175 727 2248 fiat,
745 2175 862 2237 videri?

386 2255 543 2323 XXXVII.
564 2257 641 2317 Nam
661 2257 731 2317 illud
743 2257 903 2318 admodum
922 2257 1031 2321 ridicu⁴

344 2339 405 2400 lum
426 2384 436 2413 ,
456 2338 535 2419 quod
555 2359 644 2420 negas
662 2337 867 2417 Deiotarum,
889 2337 1032 2419 auspicio-

345 2441 410 2480 rum
426 2440 512 2500 ,quae
526 2420 580 2478 sibi
599 2420 636 2478 ad
650 2419 821 2499 Pompeium
840 2419 1034 2498 proficiscenti

344 2498 420 2561 satia
435 2499 518 2573 sunt,
536 2501 701 2580 poenitere,
721 2500 823 2578 quiid,
843 2497 930 2558 sidem
947 2498 1033 2560 secu·

345 2597 392 2641 tus
411 2582 625 2660 amicitiamque
641 2580 744 2661 populi
761 2579 906 2651 Romani,
920 2579 1036 2640 sunllus

345 2663 384 2721 sit
407 2658 534 2721 officio:
560 2661 752 2740 antiquiorem
778 2662 855 2721 enim
877 2661 930 2719 sibi
952 2657 1035 2720 fuisse

345 2741 465 2802 laudem
491 2742 523 2801 &
554 2741 675 2822 gloriam
698 2785 708 2813 ‚
736 2740 823 2822 quim
850 2761 969 2821 regnum
1000 2739 1035 2798 &

370 2820 541 2882 ollessiones
564 2821 636 2881 suas.
658 2819 760 2882 Credo
779 2823 809 2881 id
828 2821 964 2901 quidem:
983 2815 1039 2879 sed

347 2842 407 2962 doc
430 2902 501 2962 nihil
524 2901 561 2960 ad
584 2900 733 2981 auspicia:
759 2922 813 2961 nec
827 2901 905 2961 enim
926 2899 953 2958 ei
973 2919 1041 2958 cor·

347 2985 400 3066 piac
417 3001 521 3055 canere
532 2984 629 3064 potuit
639 3026 652 3061 ,
663 2980 741 3047 rede
754 3001 822 3045 eum
831 2979 928 3122 splcere
938 2977 1039 3063 ,quiid

833 3119 836 3128 .
883 3079 919 3143 v)
