2709 4017
408 510 578 580 'braun
604 500 816 581 parrana.
882 527 951 582 tar

273 609 387 702 neam,
411 629 456 686 cui
482 625 671 697 crederetur3
693 629 757 706 quia
771 625 834 723 fola
853 646 959 686 cerne·

274 725 320 771 ret
340 709 393 781 id,
418 706 498 801 quod
521 704 633 786 semper
652 703 740 775 effer,
762 708 905 786 simplex,
925 708 958 766 &

276 787 459 858 uniusmodi,
475 787 506 845 ὃ(
523 785 601 857 tale,
620 785 711 865 quale·
723 784 801 846 ellet.
820 787 903 845 Hanc
917 786 958 848 illi

276 871 365 928 ideam
377 865 577 946 appellabant,
591 864 649 942 jam
661 887 677 924 a
687 865 807 926 Platone
817 868 856 926 ita
867 869 963 926 nomi«

275 963 388 1009 natam:
401 967 454 1005 nos
465 943 661 1025 tellespecr'em
672 943 818 1026 pollumus
831 947 939 1019 dicere.
956 953 960 1024 ]

319 1045 367 1107 3¹·
393 1025 495 1086 Sensus
525 1042 622 1084 autem
650 1044 754 1086 omnes
779 1027 899 1087 hebetes
916 1027 956 1086 ·&

276 1108 375 1167 tardos
399 1104 456 1166 elle
477 1107 710 1179 arbitrabantur,
731 1125 786 1165 nec
805 1110 959 1186 percipere

279 1187 345 1254 ullo,
362 1186 455 1244 modo
473 1205 520 1244 res·
537 1205 586 1244 eas
603 1228 613 1257 ,
634 1206 698 1265 quae
718 1184 851 1264 subjetlae
867 1186 959 1246 sensi·

277 1265 334 1326 bus
348 1266 515 1333 viderentur
526 1283 536 1335 3
552 1285 616 1344 quae
629 1262 717 1324 ellent
734 1270 830 1325 aurita
842 1287 958 1344 parvae,

279 1361 312 1405 ut
332 1343 382 1404 sub
403 1342 524 1403 sensum·
541 1343 645 1402 cadere
661 1364 722 1401 non
744 1343 857 1424 pollent
875 1367 884 1418 ;
910 1360 959 1403 aut

278 1427 320 1484 ila
342 1423 466 1483 mobiles
489 1422 522 1482 &
543 1422 694 1481 concitatae
716 1465 726 1494 ,
752 1439 783 1481 ut
802 1425 870 1483 nihil
890 1443 960 1483 um-

302 1524 369 1563 uam
384 1524 473 1562 unum
492 1499 562 1562 effer
578 1501 710 1561 constans
723 1521 732 1573 ;
747 1522 784 1562 ne
803 1503 879 1562 idern
894 1505 959 1583 qui·

279 1525 366 1656 dem,
382 1585 448 1664 quia
464 1583 646 1642 continenter
659 1582 822 1643 laberentur
840 1585 872 1642 ὃ(
888 1583 961 1643 flue-

281 1678 347 1724 r'ent
364 1665 470 1722 omnia.
491 1661 591 1743 ltaque
611 1662 685 1722 hanc
706 1683 826 1723 omnem
848 1672 971 1744 partem

281 1756 377 1804 rerum
390 1743 566 1823 opinabilem
581 1742 776 1820 appellabant.

294 1827 299 1857 ·'
326 1840 375 1899 32.-
388 1821 542 1882 Scientiam
556 1839 653 1879 autem
668 1822 806 1900 nusquam
819 1816 874 1894 elle
892 1839 962 1880 cert-
1039 1842 1040 1846 ¹

283 1899 384 1960 sebant
403 1943 413 1972 ,
432 1901 486 1959 nisi
504 1902 536 1958 in
556 1901 643 1958 animi
660 1901 859 1970 notionibus,
875 1910 970 1979 atque¹

282 1980 462 2040 rationibus:
486 1999 542 2058 qua
560 1979 598 2038 de
615 1977 697 2037 causa
713 1977 896 2039 definitiones
911 1998 963 2038 re-

284 2061 350 2120 rum
372 2058 557 2140 probabant,
587 2059 619 2118 dt
643 2058 693 2118 has
721 2059 758 2118 ad
777 2060 898 2128 omnia,
924 2058 963 2119 de

285 2141 389 2222 quibus
407 2138 632 2219 disceptabatur,
651 2139 841 2199 adhibebant:
856 2139 972 2199 verbo·‘

285 2224 350 2280 rum
366 2222 454 2283 eriam
469 2219 624 2298 explicatio
641 2220 838 2298 probabatur,
856 2218 885 2277 id
904 2217 967 2294 est,

287 2321 344 2385 qua
362 2297 493 2360 de'causa
507 2319 628 2381 quaeque
640 2297 731 2360 ellenr
743 2303 783 2360 ita
797 2302 943 2359 nominata
951 2320 963 2372 ;

288 2401 375 2463 quam
392 2379 606 2461 etymologiam
621 2381 820 2460 appellabant:
836 2377 900 2459 pbst
918 2401 967 2440 ar-

235 2504 237 2508 .
289 2463 453 2542 gumentis,
469 2460 507 2519 δι
526 2462 606 2540 quasi
621 2461 806 2542 reruntxnotis
825 2459 970 2534 ducibus,

288 2541 442 2600 utebantur
465 2539 501 2598 ad
529 2539 711 2619 probandum
731 2539 763 2600 &
786 2538 822 2597 ad
846 2539 967 2600 conclu·

291 2620 419 2680 deudum
445 2619 499 2691 id,
528 2619 608 2698 quod
632 2619 779 2699 explanari
799 2619 964 2679 volebant:

290 2702 322 2758 in
340 2719 396 2779 qua
411 2697 578 2758 tradebatur
596 2702 691 2758 omnir
709 2697 861 2758 dialellicae
880 2699 967 2759 disci·

298 2779 389 2850 lina,
405 2776 511 2851 idest,
530 2779 666 2837 orationis
687 2782 799 2838 ratione
814 2777 966 2837 conclusae.

291 2801 370 2918 liure
384 2859 462 2936 quasi
472 2877 509 2917 ex
529 2857 617 2918 altera
633 2874 714 2938 parte
724 2861 849 2919 oratoria
859 2860 903 2916 vis
920 2855 968 2913 di·

294 2935 583 3010 cendiadltibebatur,
592 2940 756 3018 explicatrix
765 2938 970 3012 orationisper·

294 3028 389 3101 petuae
414 3014 452 3074 ad
474 3017 702 3099 persuadendum
727 3013 969 3088 accommodatae.

300 3108 315 3131 ¹¹
334 3094 398 3156 tx.
428 3095 600 3159 Hac-eat·
614 3097 670 3158 illia
693 3095 824 3177 prima-l
847 3092 969 3154 Platone

339 3178 521 3239 Tomus'IX.
848 3172 873 3246 F,
