2709 4017
388 483 463 574 164
495 481 559 550 Ds
581 497 749 549 aaroni
773 496 979 563 osonum,

384 599 462 656 enim
486 597 590 677 flagitia
608 593 798 668 Democriti,
814 597 876 657 sive
893 599 980 656 etiam
1000 598 1077 660 ant’e.

384 675 524 755 Leucippi
547 720 557 746 ,
583 673 640 736 elle
664 674 830 755 corpuscula
854 676 989 756 quaedam
1019 677 1073 735 lae-

382 757 452 825 via,
468 756 522 814 alia
535 754 653 835 aspera,
667 755 790 814 rotunda
806 756 877 828 alia,
896 758 1002 836 partim
1016 777 1074 815 au-

382 850 444 892 tem
464 835 616 916 angulata,
643 852 760 894 curvata
779 836 911 914 quaedam
934 837 967 895 &
987 839 1073 917 quasi

385 913 517 973 adunca:
541 935 578 974 ex
600 916 643 991 his
665 911 799 974 effeilum
818 913 874 976 esse
896 916 1003 976 coelum
1026 935 1073 975 at·

384 1013 442 1074 que
461 1012 566 1054 terram
586 1038 596 1067 ‚
615 994 692 1053 nulli
712 1011 837 1076 cogente
864 996 964 1054 naturi
985 1040 996 1070 ,
1017 994 1071 1055 sed

385 1073 524 1133 concursu
570 1074 677 1133 uodam
698 1072 829 1147 fortuito.
851 1074 935 1134 Hanc
952 1090 984 1134 tu
1004 1079 1074 1154 opi·

385 1155 505 1212 nionem
525 1198 534 1226 ‚
585 1195 592 1210 .
610 1152 731 1226 Vellei,
749 1176 767 1213 u
780 1175 835 1234 que
852 1155 889 1213 ad
906 1154 980 1214 hanc
999 1171 1074 1214 aeta·

384 1249 446 1292 tem
465 1231 645 1312 perduxisti,
665 1233 796 1314 pritisque
815 1251 845 1293 te
862 1236 924 1314 quis
945 1233 981 1294 de
1002 1255 1074 1293 om-

386 1313 416 1371 ni
432 1315 501 1372 vitae
510 1312 597 1384 llatu,
614 1313 702 1392 quim
714 1313 751 1374 de
768 1311 817 1371 ista
837 1312 1003 1374 auctoritate
1016 1314 1073 1374 de·

386 1389 512 1471 jecerit:
538 1395 604 1452 ante
623 1395 702 1452 enim
722 1391 871 1467 iudicasti,
896 1392 1073 1473 Epicureum

386 1487 417 1532 te
428 1469 491 1541 ,esse
505 1490 661 1552 oportere,
698 1471 764 1532 uim
777 1471 827 1532 illa
838 1471 1008 1554 cognovisti.
1025 1471 1073 1533 Ita

387 1549 499 1611 neceffe
527 1551 579 1610 fuit
608 1568 655 1610 aut
676 1493 745 1611 <lraec
772 1553 879 1632 flagitia
914 1555 1072 1631 concipere

388 1633 510 1702 animo,
531 1647 578 1690 aut
598 1629 732 1711 suscepte
752 1631 940 1713 philosophiae
961 1653 1073 1694 nomen

389 1726 531 1769 amittere.

431 1787 480 1866 67.
501 1789 583 1866 Quid
600 1790 678 1850 enim
701 1809 839 1864 mereas‚
861 1808 892 1851 ut
913 1790 1074 1871 Epicureus

327 1927 330 1940 ι
387 1865 446 1943 elle
469 1869 602 1930 desinas?
625 1869 704 1930 Nihil
726 1871 860 1952 equidem
874 1915 884 1944 ‚
900 1874 1019 1951 inquis,
1040 1887 1075 1931 ut

391 1951 534 2010 tationem
549 1953 618 2010 vitae
633 1952 726 2011 beatae
737 1994 748 2021 ,
761 1952 970 2031 veritatemque
990 1949 1077 2010 dese·

389 2049 463 2088 nm.
481 2029 536 2089 Illa
551 2032 637 2110 igitur
653 2029 693 2090 est
710 2029 837 2090 veritas?
858 2029 934 2088 Nam
955 2030 992 2089 de
1012 2032 1075 2090 vita

389 2108 476 2168 beata
491 2109 559 2168 nihil
574 2129 706 2189 repugno
725 2152 736 2180 ,
755 2129 841 2199 quam
859 2124 890 2165 tu
908 2126 944 2165 ne
963 2109 992 2164 in
1011 2110 1075 2172 deo

390 2188 508 2267 quidem
528 2185 584 2246 esse
607 2186 730 2258 censes,
749 2189 801 2244 rusi
818 2185 903 2265 plane
922 2187 985 2246 otio
1006 2186 1091 2248 lan·'

390 2282 486 2346 gueat.
509 2263 568 2324 Sed
595 2265 643 2322 ubi
666 2262 707 2323 est
727 2263 860 2323 veritas?
885 2262 919 2322 ln
938 2267 1075 2342 mundis,

390 2344 493 2416 cedo,
524 2342 802 2417 innumerabilibus,
828 2344 963 2403 omnibus
986 2351 1076 2407 mini·

389 2426 444 2485 mis
462 2441 628 2501 temporum
645 2423 776 2503 punilis,
792 2423 853 2483 aliis
870 2424 1071 2499 nascentibus,

390 2503 451 2562 aliis
471 2501 637 2563 cadentibus
655 2524 664 2575 3
684 2525 719 2562 an
736 2505 765 2563 in
780 2502 934 2564 individuis
951 2526 1075 2585 corpus-

391 2582 480 2656 culis,
497 2598 557 2642 tam
581 2585 714 2664 praeclara
734 2604 847 2664 opera,
864 2585 941 2643 nulli
965 2585 1074 2646 mode-

391 2680 472 2723 rante
492 2665 590 2723 naturi
602 2707 612 2736 ,
626 2663 703 2722 nulli
723 2667 853 2737 ratione,
877 2663 1071 2745 fingentibus?

392 2739 452 2803 Sed
472 2743 577 2804 oblitus
593 2743 768 2804 liberalitatis
788 2762 880 2823 meae,
899 2744 956 2823 qui
977 2761 1072 2807 tecum

391 2824 481 2902 pauli>
494 2823 560 2882 ante
576 2825 617 2880 uti
637 2842 803 2902 coeperam,
823 2823 904 2901 plura
923 2824 1073 2904 complec-

393 2919 452 2962 tor.
472 2900 646 2963 Concedam
656 2904 762 2981 igitur,
782 2921 818 2962 ex
833 2903 986 2962 individuis
1000 2925 1075 2964 con·

395 2979 467 3042 stare
487 2984 594 3042 omnia.
613 2980 698 3060 Quid
713 2982 751 3044 ad
765 2981 848 3044 rem?
862 2982 985 3047 deorum
997 2985 1074 3047 enim

396 3077 497 3125 natura
511 3061 653 3145 queritur.
