2709 4017
388 460 463 557 386
512 460 593 540 Da,
611 474 936 542 urvrunttorta,

383 596 453 658 gem
467 575 622 659 quemdam
636 595 653 636 e
666 576 869 656 quinqueremi
886 574 1075 651 Rhodiorum

385 659 595 728 vaticinatum,
612 655 806 715 madefadlum
826 658 860 714 iri
880 657 976 725 minias
1000 675 1075 718 xxx

387 737 489 796 diebus
506 733 652 798 Graeciam
673 734 830 830 sanguine:
851 739 967 818 rapinas
988 735 1078 818 Dyr-

375 817 511 890 rhachii,
531 816 564 877 δι
586 815 824 877 conscensionem
839 818 870 876 in
892 837 984 879 naves
1008 839 1077 878 cum

386 895 477 979 suga,
497 895 728 980 fugientibulque
746 895 938 957 miserabilem
959 897 1080 980 respec-

387 993 450 1037 tum
479 979 680 1038 incendiorum
704 976 794 1037 fore:
818 975 869 1036 sed
892 976 1080 1038 Rhodiorum

388 1058 473 1118 classi
485 1061 683 1139 propinquum
692 1058 834 1129 reditum,
844 1078 877 1116 ac
885 1058 1009 1118 domum
1018 1060 1082 1118 itio·

388 1159 459 1199 nem
485 1138 569 1197 dari:
591 1157 654 1198 tum
679 1158 775 1219 neque
794 1139 833 1198 tei
855 1136 916 1196 sum
938 1160 1001 1198 non
1023 1138 1081 1200 elle

390 1237 597 1292 commotum3
617 1218 808 1299 Marcumque
830 1160 1025 1291 e'arronem,
1049 1221 1083 1282 δι

392 1299 444 1361 M.·
456 1298 625 1374 Catonem,
645 1300 694 1379 qui
712 1316 773 1359 tum
795 1299 835 1358 ibi
853 1316 958 1373 etant,
976 1298 1084 1361 dodlos

392 1381 559 1454 hemines,
585 1380 780 1442 vehementer
802 1375 859 1442 ess'e
883 1380 1084 1459 perterritosz

395 1463 493 1544 paucis
512 1460 578 1520 sane
589 1458 655 1536 pbst
673 1459 775 1520 diebus
789 1476 826 1522 ex
842 1457 1002 1519 Pharsalica
1015 1459 1086 1542 fuga

397 1539 506 1602 venille
533 1540 722 1612 Labienum;
747 1540 797 1620 qui
821 1558 910 1620 quum
934 1540 1087 1601 interitum

398 1619 539 1682 exercitius
557 1616 759 1691 nuntiavillet‚
776 1619 885 1702 reliqua
900 1621 1088 1683 vaticinatio·

397 1705 444 1762 nir
461 1699 545 1761 brevi
564 1697 621 1775 elle
636 1697 780 1760 confeila.

364 1816 366 1823 ·
441 1781 493 1860 69.
514 1779 593 1840 Nam
610 1780 643 1840 δι
664 1799 700 1840 ex
717 1780 828 1840 horreis
846 1778 992 1860 direptum
1014 1778 1089 1842 effia-

302 1887 304 1890 ·
401 1861 520 1942 sumque
545 1859 723 1924 frumentum
742 1863 803 1922 vias
821 1881 925 1922 omnes
949 1861 1089 1943 angipor-

401 1943 503 2024 tusque
519 1940 736 2014 constraverut3
755 1940 786 2002 ἀ
801 1961 856 2001 vos
869 1961 959 2002 naves
974 1941 1088 2016 subiti),

405 2024 549 2107 perterriti
572 2041 674 2095 metu,
696 2019 896 2082 conscendistis
914 2041 924 2094 ;
946 2020 978 2082 δι
1001 2020 1089 2082 nonu

405 2106 443 2166 ad
462 2103 604 2185 oppidum
616 2102 820 2183 respicientes,
839 2103 995 2184 flagrantes
1017 2123 1090 2164 une·

407 2187 524 2258 rarias,
551 2205 621 2262 quas
649 2183 838 2245 incenderant
861 2183 997 2255 milites,
1024 2185 1092 2264 quia

406 2266 485 2345 sequi
509 2264 684 2335 noluerant,
709 2264 853 2325 videbatis
866 2261 879 2323 τ’
899 2263 1050 2346 postremi>
1075 2286 1093 2324 a

408 2344 524 2405 Rhodia
544 2341 627 2404 classe
639 2342 763 2417 deserti,
778 2365 881 2407 vetum
893 2362 993 2406 vatem
1011 2342 1092 2406 fuille

408 2422 538 2487 sensistis.

451 2524 501 2583 70.
529 2501 656 2585 Exposui
676 2503 766 2586 quim
791 2504 960 2565 brevissime
986 2505 1094 2585 potui,

410 2587 544 2658 somnii,
566 2587 598 2646 ὃ(
621 2585 725 2647 fureris
743 2583 885 2658 oracula,
908 2605 972 2667 quae
996 2604 1095 2646 carere

406 2685 473 2730 arte
490 2668 634 2726 dixeram:
651 2687 778 2747 qnorum
789 2667 943 2727 amborum
954 2685 1096 2746 generum

412 2771 470 2810 una
492 2749 566 2807 ratio
591 2745 632 2806 est
651 2790 661 2818 ,
681 2746 738 2826 qud
755 2745 912 2826 Cratippus
934 2745 1034 2807 noller
1055 2746 1097 2806 uti

410 2831 485 2892 solet
498 2850 510 2900 ;
524 2829 639 2886 animus
655 2826 808 2885 hominum
821 2826 946 2906 quadam
961 2843 1096 2908 exparte

411 2907 586 2977 extrinsecus
618 2902 674 2966 effe
700 2905 806 2966 triaiios
834 2907 864 2966 ὅ(
895 2902 1022 2966 haustus.
1054 2905 1097 2965 Ex

410 3014 473 3073 quo
492 2988 681 3067 intelligitur,
703 2985 759 3047 ell'e
779 3005 860 3048 extra
881 2987 1014 3048 divinum
1037 2989 1097 3047 ani·
