2709 4017
440 484 598 553 ttm
631 478 839 555 tumui.
887 503 972 578 *393

270 620 285 647 ’-
334 595 493 659 XXXVII.
513 596 614 680 Atque
640 601 727 659 etiam
754 597 803 657 illa
825 599 980 658 concitatio

294 680 419 741 declarat
439 681 499 737 vim
520 681 549 736 in
566 683 666 739 animis
682 677 738 740 elle
753 679 898 738 divinam:
922 697 979 737 ne-

280 823 282 826 ,
291 777 344 843 gat
360 762 461 831 enim,
478 760 540 819 sine
556 757 654 819 futore
675 758 863 820 Democritus
876 777 980 838 quem·

292 833 383 922 quam¹
425 842 522 898 olitam
547 860 685 921 magnum
704 839 761 900 effe
783 837 880 918 polle:
897 836 978 918 quod

290 921 373 981 idem
397 861 464 978 tlicit
489 917 588 979 Plato:
610 941 720 1000 quem,
741 922 765 979 si
787 921 902 999 placet,
922 941 980 999 ap·

277 1056 283 1063 .
316 997 570 1077 cilcitfurorem,
601 1000 763 1060 dummodo
788 1004 811 1059 is
834 999 915 1058 furor
939 1002 981 1060 ita

280 1133 284 1139 .
305 1080 447 1158 audetur,
462 1095 494 1139 ut
510 1080 539 1138 in
558 1078 682 1140 Phaedto
707 1078 834 1140 Platonis
850 1080 983 1139 laudatus

292 1159 346 1221 est.
372 1157 457 1238 Quid
476 1157 571 1218 vestra
589 1165 684 1221 oratio
705 1163 733 1219 in
754 1159 877 1220 causis?
911 1159 981 1240 quid

292 1240 353 1323 ipsa
368 1239 465 1300 aclio?
488 1238 585 1319 potest
599 1239 654 1300 effe
676 1241 853 1312 vehemens,
876 1240 906 1299 &
919 1261 983 1322 gra·

292 1325 361 1395 vis,
377 1322 410 1380 &
426 1340 462 1378 co
485 1319 564 1391 iosa,
579 1323 632 1380 nisi
647 1319 689 1381 est
698 1325 808 1380 animus
825 1319 884 1399 ipse
897 1342 981 1380 com·

279 1398 428 1463 Imotiot?
499 1401 597 1460 uidem
614 1403 702 1461 etiam
718 1402 747 1460 in
766 1419 795 1461 te
811 1399 884 1481 saepe
900 1400 983 1474 vidi,

283 1483 330 1545 .&
348 1479 403 1562 (ut
428 1479 465 1540 ad
478 1421 599 1541 leviora
623 1478 799 1563 veniamus)
820 1482 849 1540 in
869 1480 980 1562 AEsopo
1044 1512 1047 1518 ·

283 1561 428 1624 ,Iatniliati
448 1577 521 1640 tuo,
541 1577 653 1622 tantum
675 1563 811 1623 ardorem
828 1563 981 1633 vultuum,

296 1660 386 1725 atque
402 1659 557 1714 motuum,
575 1658 607 1700 ut
620 1663 689 1703 eum
705 1645 750 1704 vis
767 1642 900 1723 quaedam
919 1642 983 1702 abl·

284 1719 410 1785 :traxiffe
427 1720 531 1782 asensu
545 1726 649 1782 mentis
667 1723 827 1784 videretur.

261 1864 264 1869 ,
288 1832 291 1838 ·
338 1800 389 1864 81.
409 1799 985 1882 Objiciunturetiatnsaepeformae‚quae

296 1882 397 1965 reapse
421 1883 506 1943 nullae
524 1882 611 1955 sunt;
640 1881 768 1943 seciem
791 1899 888 1940 autem
912 1878 986 1941 offe·

284 1981 387 2025 luunt:
419 1961 501 2043 quod
537 1905 687 2043 contigiXe
717 1961 834 2022 Brenno
864 1961 989 2036 dicitur,

285 2042 365 2124 cius
380 2062 417 2103 ue
429 2040 548 2102 Gallicis
565 2045 677 2122 copiis,
696 2063 785 2123 quum
797 2041 866 2101 fano
888 2039 987 2119 Apol-

297 2125 364 2185 linis
430 2123 517 2204 lphici
535 2121 676 2184 nefarium
699 2123 809 2182 bellum
834 2119 987 2183 intulillet:

287 2222 364 2265 tum
380 2204 459 2265 enim
475 2203 572 2264 ferunt
590 2249 602 2279 ,
621 2210 658 2264 e'x
679 2203 798 2265 oraculo
817 2202 879 2264 haec
898 2200 989 2264 fatam

299 2282 528 2366 cffePythiatn:
667 2312 669 2315 ·
759 2321 763 2328 ·

288 2398 356 2488 'Ego
367 2415 497 2487 providebo
511 2435 561 2497 nmv
576 2419 656 2481 illam,
673 2417 697 2467 u
712 2417 771 2467 alba
783 2417 894 2486 uirgines.

301 2528 348 2588 Ex
367 2548 428 2609 quo
442 2525 549 2587 facium
565 2524 623 2598 est,
640 2543 672 2586 ut
681 2525 849 2587 viderentur
861 2525 991 2665 virgines

254 2602 263 2620 ‘
301 2605 905 2680 ferrearmacontri‚&niveGallotutno

302 2705 382 2749 retur
394 2689 546 2749 exercitus.
666 2737 668 2742 .

293 2815 309 2828 ..
344 2765 564 2829 XXXVIII.
585 2764 756 2828 Aristoteles
786 2765 905 2846 quidem
934 2784 989 2838 eos

304 2851 414 2922 etiam,
437 2850 486 2927 qui
505 2848 676 2908 valetudinis
696 2850 767 2908 vitio
785 2847 933 2916 furerent,
953 2845 988 2904 &

303 2928 507 2989 melancholici
525 2929 687 2988 dicerentur
702 2972 712 3001 ‚
730 2926 862 2988 censebat
882 2924 992 2985 lta-bere

293 3011 412 3091 :aliquid
438 3011 470 3071 in
495 3008 600 3090 anitnis,
621 3005 894 3146 ptaesagiqnsuffue
912 3003 994 3068 cliui-

872 3106 893 3148 v

928 2625 992 2666 rue·
1045 2664 1047 2668 ,
