2709 4017
293 443 385 543 '36
432 449 907 516 Araura-meorum

331 578 431 623 autem
456 559 541 641 pland
573 559 705 639 proximb
733 559 769 617 ad
796 581 898 619 verum
927 576 1019 625 accei

334 642 433 714 dant,
465 639 580 701 efficere
608 661 668 699 non
695 640 810 719 possit?
829 658 877 700 aut
898 685 907 714 ,
933 645 956 702 si
977 663 1016 703 ea

326 740 451 802 ¹quoque
469 723 583 800 possit,
607 741 657 779 cur
674 719 722 778 illa
738 738 797 778 non
816 723 930 800 possit,
949 743 1017 803 quae

330 799 561 883 perdifficiliter,
578 798 803 860 internoscantur
820 801 938 861 tamen?
958 803 991 861 δι
1004 846 1019 876 ,

332 883 358 940 si
380 881 466 957 lraec,
487 902 537 942 cur
552 899 616 941 non
630 882 704 941 inter
725 900 789 962 quae
804 881 872 940 nihil
892 881 927 941 sit
945 903 1016 943 om·

330 962 429 1023 nino?
976 1007 979 1012 ,

327 1056 331 1063 '
376 1042 426 1118 48.
451 1041 598 1116 Deinde,
627 1059 718 1123 quum
748 1059 830 1100 mens
860 1054 1019 1104 moveatur

331 1122 395 1205 ipsa
416 1144 468 1205 per
487 1123 568 1197 sese,
591 1138 622 1181 ut
648 1121 681 1180 &
703 1139 738 1180 ea
763 1121 927 1196 declarant,
949 1145 1017 1205 quae

325 1208 515 1286 rogitatione
535 1204 738 1284 depingimus,
758 1202 789 1262 &
807 1222 864 1274 ea,
883 1223 946 1283 quae
964 1204 1023 1265 vel'

332 1285 561 1359 dormientibus,
576 1284 625 1346 vel
640 1280 754 1341 furiosis
766 1282 900 1344 videntur
914 1305 923 1356 ;
938 1305 1018 1344 non·

333 1387 397 1442 ne,
417 1369 571 1449 inquiunt,
596 1361 753 1425 verisimile
780 1364 841 1435 sit,
865 1365 912 1424 sia
926 1366 1017 1425 etiam

332 1463 464 1510 mentem
481 1447 613 1516 moveri,
627 1460 658 1504 ut
673 1463 732 1502 non
748 1443 838 1502 modb
854 1465 912 1503 non
926 1445 1028 1505 inter»

335 1528 462 1600 noscat,
489 1546 559 1586 vera
581 1526 628 1583 illa
654 1521 807 1596 visasint,
828 1544 902 1583 anne
925 1523 1017 1600 falsa,

334 1605 386 1666 fed
405 1609 482 1666 utin
501 1605 545 1663 bis
570 1603 641 1662 nihil
664 1603 775 1661 intersit
796 1605 940 1663 omnino?
960 1622 991 1664 ut
1006 1651 1022 1680 ,

336 1688 360 1746 ai
374 1688 423 1767 qui
436 1701 593 1746 tremerent
607 1683 639 1742 &
653 1680 887 1757 exalbescerent,
899 1685 948 1745 vel
961 1688 1019 1765 ipsi

335 1786 390 1846 per
415 1765 442 1826 se
463 1782 547 1825 motu
565 1765 669 1824 mentis
687 1763 809 1844 aliquo,
833 1766 887 1825 vel·
899 1763 1018 1844 objesld

336 1847 456 1906 terribili
481 1866 513 1906 re
539 1843 739 1917 extrinsecus,
772 1844 841 1902 nibil
867 1844 936 1905 esset
965 1847 1017 1928 qul

335 1926 553 2010 distingueretur
563 1942 675 1987 tremor
689 1923 782 1986 ille&
796 1923 906 2005 pallor,
920 1946 1018 2007 neque

335 2010 494 2091 quidquam
520 2005 663 2066 interesset
687 2007 761 2064 inter
786 2003 950 2065 intestinum
983 2008 1017 2067 δι

337 2090 482 2150 oblatum.
507 2083 658 2144 Rostremb
682 2128 691 2155 ‚
716 2084 745 2139 si
767 2082 844 2142 nulla
872 2083 930 2144 visa
952 2085 1018 2148 sunt

328 2167 520 2250 -probabilia,
536 2184 599 2242 quae
614 2162 682 2222 salsa
703 2162 779 2231 sint,
796 2161 852 2218 alia
868 2164 941 2221 ratio
956 2165 1016 2228 est:

337 2253 382 2308 ain
404 2263 500 2307 autem
517 2242 601 2314 samt3
618 2263 667 2301 cur
685 2261 745 2300 non
763 2241 851 2299 eriam
869 2262 933 2322 quae
954 2266 1017 2307 non

336 2326 424 2390 facile
447 2319 701 2383 internoscantur?
727 2339 777 2379 cur
798 2341 859 2380 non
878 2340 910 2382 ut
930 2325 1016 2404 pland

333 2406 407 2468 nihil
428 2401 560 2463 intersit?
580 2400 735 2481 praesertim
757 2421 845 2481 quum
865 2404 917 2484 ipsi
940 2406 1019 2468 dica»

335 2490 400 2557 tis,
429 2481 455 2543 fa
479 2485 586 2543 lentem
606 2486 636 2540 in
652 2479 750 2540 furore
772 2479 905 2544 sustinere
925 2483 954 2546 se
979 2488 1016 2547 ab

337 2567 421 2628 omni
474 2562 559 2639 ensu,
575 2564 644 2645 quia
657 2561 739 2622 nulla
749 2564 778 2622 in
794 2564 861 2625 visis
875 2563 1021 2630 dillindlio

333 2662 483 2730 appareat.
724 2671 727 2676 ·
835 2683 840 2691 -

329 2746 333 2754 ·
378 2725 475 2789 xvl.
498 2724 551 2786 Ad
569 2724 620 2783 bas
643 2743 746 2783 omnes
765 2724 894 2785 visiones
918 2726 1018 2789 inanes

327 2808 502 2873 ‘Annoclrus
521 2804 638 2887 quidem
663 2803 806 2881 permulta
832 2803 965 2881 dicebat,
984 2809 1017 2868 &

328 2909 401 2952 erat
416 2889 457 2948 de
473 2887 527 2946 hae
546 2905 604 2943 una
625 2885 759 2942 reunion
779 2883 839 2942 diei
856 2884 1025 2966 disputatio-

335 2968 416 3057 }fib'r
436 2985 536 3035 aaron
555 2985 621 3034 noa
637 2961 718 3033 idem
736 2961 902 3032 laciendum
920 2984 1022 3052 puto,
