2709 4017
376 515 528 601 Lmen
556 533 836 586 srcnnous.
884 509 965 612 213'

276 624 307 686 se
334 629 550 764 principatum,
568 630 645 687 utin
664 628 782 709 homine
804 651 961 708 mentem,
1046 646 1053 654 '

277 707 309 763 in
358 706 433 765 ellua
456 708 593 787 quiddam
615 710 714 781 simile¹
729 713 860 785 mentis,
883 713 961 772 unde

279 786 408 845 oriantur
428 807 523 849 rerum
538 791 692 868 appetitus.
711 788 744 848 In
761 790 895 850 arborum
908 815 962 851 au·

279 883 341 924 tem
369 867 400 926 &
419 887 516 927 earum
540 889 663 942 rerum,
687 890 749 948 quae
771 872 923 952 gignuntur
943 891 961 931 e

280 961 378 1019 terra,
397 947 538 1008 radicibus
548 945 634 1007 inesse
648 950 821 1030 principatus
836 968 963 1030 putatur.

280 1023 473 1105 Principamm
493 1028 635 1088 autemid
655 1029 747 1100 dico,
768 1031 847 1110 quod
867 1028 963 1089 Graeci

280 1108 425 1182 ἦγεμονιιιὶι
445 1126 574 1187 uocant;¹
588 1129 646 1187 quo
662 1109 731 1167 nihil
744 1112 772 1167 in
790 1129 906 1189 quoque
917 1129 965 1190 ge·

281 1203 353 1242 nere
377 1204 431 1242 nec
448 1185 544 1265 potest
562 1207 615 1246 nec
639 1187 727 1247 debet
748 1185 804 1248 else
828 1187 964 1268 praestan·

282 1264 349 1321 tius.
362 1260 463 1342 Itaque
474 1263 585 1325 necesle
597 1263 637 1325 est
646 1311 656 1338 ‚
664 1267 735 1325 illud
749 1270 854 1339 etiarn,
865 1269 894 1325 in
903 1288 965 1347 quo

282 1343 317 1401 sit
330 1343 421 1401 totius
436 1363 542 1404 naturae
555 1348 746 1425 principatus,
762 1344 818 1406 effe
835 1348 965 1404 omnium

283 1424 429 1500 optimum
454 1466 464 1496 ,
494 1428 682 1504 omniumque
706 1445 802 1486 rerum
826 1423 967 1505 potestate

284 1501 435 1562 dominatu
458 1522 494 1563 ue
513 1503 719 1586 dignissimum.

328 1599 376 1660 30.
397 1525 540 1643 Videmus
552 1603 669 1657 autem,
683 1587 711 1643 in
728 1582 854 1664 partibus
867 1582 967 1643 mundi

289 1658 385 1741 (nihil
409 1661 450 1723 est
474 1667 602 1724 enimin
627 1667 708 1724 omni
726 1663 863 1736 mundo,
887 1663 968 1745 quod

286 1763 349 1800 non
369 1763 435 1822 pars
459 1746 585 1804 universi
608 1746 672 1816 sit)
695 1742 781 1804 inesse
802 1743 912 1803 sensum
934 1745 967 1803 &

286 1826 440 1887 rationem.
456 1821 489 1881 In
504 1843 538 1883 ea
557 1839 638 1903 parte
656 1827 758 1904 igitur,
773 1825 801 1880 in
819 1843 874 1900 qua
885 1843 970 1880 mun-

288 1900 319 1958 di
331 1899 403 1963 inest
413 1903 605 1982 principatus,
618 1904 679 1979 haec
692 1901 778 1962 inesse
787 1899 897 1960 necesse
911 1899 970 1973 est,

290 1981 324 2040 δέ
346 2002 456 2043 acriora
472 1984 591 2063 quidem
618 2000 703 2062 atque
730 1978 849 2058 majora.
877 1979 969 2058 Quo·

288 2063 365 2121 circa
381 2060 537 2142 sapientem
556 2061 612 2123 esse
627 2061 768 2122 mundum
779 2057 891 2120 necesse
908 2057 968 2131 est3

288 2158 479 2224 naturamque
499 2163 587 2216 eam,
614 2163 677 2223 quae
701 2162 746 2201 res
767 2159 869 2198 omnes
887 2159 971 2198 com-

290 2221 378 2302 plexa
394 2238 516 2294 teneat,
537 2222 715 2302 perfeclione
732 2222 848 2281 rationis
869 2218 971 2278 excel-

290 2303 374 2378 lere,
393 2302 489 2383 edque
503 2302 589 2362 deum
599 2300 655 2362 effe
668 2302 807 2361 mundum
817 2345 827 2372 ,
839 2319 972 2359 omnem·

291 2403 349 2465 que
364 2386 424 2444 vim
441 2383 542 2441 mundi
559 2383 657 2442 natur&
671 2382 768 2441 divina
778 2382 930 2440 contineri.

337 2482 384 2542 31·
404 2462 505 2544 Atque
518 2465 605 2522 etiam
622 2462 722 2520 mundi
735 2461 782 2520 ille
799 2460 897 2519 fervor
916 2478 971 2538 pu·

293 2546 375 2616 rior,
390 2541 583 2623 perlucidior,
603 2542 796 2620 mobiliorque
810 2537 919 2609 multi),
934 2537 973 2595 ob

294 2623 399 2703 easque
424 2621 518 2683 causas
542 2622 637 2701 aptior
660 2621 696 2679 ad
721 2618 813 2678 sensus
839 2637 974 2676 commo·

294 2705 430 2776 vendos,
443 2703 529 2784 quiam
542 2703 588 2760 hic
605 2700 700 2760 noster
713 2700 809 2770 calor3
823 2718 880 2777 quo
894 2696 973 2765 haec,

296 2807 363 2868 quae
379 2801 449 2845 nota
461 2783 544 2842 nobis
559 2782 638 2854 sunt,
651 2783 809 2840 retinentur
821 2778 852 2837 &
865 2777 975 2865 vigent.

297 2864 465 2928 Absurdum
477 2863 517 2924 est
530 2865 614 2945 igitur
637 2862 752 2933 dicere,
771 2877 859 2939 quum
878 2856 976 2912 honn-

297 2970 352 3011 nes
370 2948 522 3029 bessiaeque
542 2949 599 3005 hoc
621 2943 718 3002 calore
739 2953 910 3001 teneantur,
942 2928 977 2987 &

297 3048 456 3115 propterea
477 3043 651 3091 moveamur
672 3043 707 3083 ac
730 3018 874 3086 sentiant,
892 3027 978 3093 muru.
