2709 4017
327 516 401 615 328
438 515 504 583 Da
528 526 702 581 muru
729 526 939 595 ouorcvrr,

367 631 418 707 69.
438 626 502 687 Nec
524 630 597 688 vero
616 624 700 686 scena
717 622 811 685 solum
837 626 953 688 relerta
976 622 1018 688 est

327 711 371 770 his
388 707 560 780 sceleribus,
580 707 629 768 sed
646 706 739 766 multo
762 707 824 765 vita
850 710 1019 767 communia

327 809 403 870 pene
415 785 580 865 majoribus.
597 787 692 846 Sentit
710 785 816 845 domus
836 786 1017 865 uniuscujuss

348 887 406 940 ue,
427 867 509 939 sentit
521 866 636 939 forum,
655 865 739 926 sentit
756 868 853 940 curia,
877 888 1018 948 campus,

327 889 418 1018 lucii,
434 949 611 1026 provinciae,
629 965 682 1019 ut,
701 946 956 1024 quemadmodum
974 968 1021 1007 ra·

328 1030 411 1086 tione
427 1026 502 1085 telle
521 1024 591 1099 fiat,
609 1029 649 1085 sic
669 1028 780 1084 ratione
796 1034 959 1105 peccetur:
977 1027 1019 1087 al·

328 1123 480 1186 rerumque
497 1107 529 1166 &
546 1127 563 1165 a
580 1108 698 1185 paucis,
722 1106 751 1164 ὃ(
767 1107 853 1177 raro3
870 1108 1016 1180 alterum,

331 1188 365 1247 &
388 1185 484 1266 saepe,
507 1187 539 1245 ὃ(
555 1208 572 1245 a
587 1186 738 1266 pluribus:
767 1202 798 1243 ut
821 1185 909 1244 satius
929 1186 1020 1246 fuerit

330 1267 439 1328 nullam
451 1269 571 1326 omniuo
595 1266 678 1325 nobis
696 1286 714 1324 a
730 1264 783 1323 diis
802 1266 1019 1327 immortalibus

332 1348 436 1407 datam·
449 1344 511 1421 ¹elle
542 1350 711 1419 rationem,
737 1344 825 1425 qulm
845 1362 928 1405 tanta
951 1366 1016 1411 cum

331 1429 459 1509 pernicie
478 1426 584 1487 datam.
602 1424 646 1485 Ut
666 1426 766 1484 vinum
786 1427 905 1506 aegrotis
916 1470 930 1498 ,
941 1429 1019 1507 -quia

331 1505 448 1588 prodest
461 1507 544 1577 raro,
565 1522 653 1565 nocet
665 1503 839 1584 sepissime,
851 1506 958 1566 melius
975 1505 1018 1567 est

331 1608 391 1646 non
411 1580 548 1644 adhibere
567 1588 716 1656 omnino,
744 1584 831 1664 quam
850 1583 904 1664 spe
929 1585 1020 1647 dubia

331 1666 426 1725 salutis
436 1666 465 1722 in
476 1680 606 1744 apertam
622 1666 781 1744 perniciem
794 1666 965 1740 incurrere3
980 1668 1021 1727 sic

332 1745 409 1804 haud
425 1743 503 1816 scio,
520 1765 557 1802 an
576 1745 677 1804 melius
691 1743 797 1817 fuerit,
813 1743 946 1807 humano
967 1765 1022 1827 ge·

333 1829 396 1885 neri
419 1842 532 1884 motum
554 1823 637 1883 istum
659 1825 785 1884 celerem
808 1825 1020 1905 cogitationis,

335 1926 479 1978 acumen,
496 1904 668 1976 solertiam,
708 1925 775 1963 uam
796 1905 943 1965 rationem
964 1927 1020 1966 vo·

334 2007 452 2058 camus,
470 1987 606 2066 quoniam
620 1924 754 2065 pestilera
772 1984 807 2042 sit
823 1985 945 2056 multis,
962 1984 1022 2045 atl-

334 2068 455 2127 modum
469 2067 564 2146 paucis
577 2065 722 2135 salutaris,
736 2084 798 2122 non
807 2061 869 2123 dari
878 2067 1021 2140 omnino,-

355 2148 422 2208 uim
442 2164 501 2204 tarn
520 2143 680 2217 munifice,
708 2143 740 2202 &
760 2161 820 2202 tam
842 2144 923 2226 large
951 2145 1022 2207 dari.

333 2170 538 2364 {uamobrem
557 2226 580 2283 'si
602 2245 685 2284 mens
707 2221 844 2283 voluntas
860 2242 897 2284 ue
920 2226 1023 2287 diviua

333 2308 345 2364 i
365 2308 441 2363 circo
454 2301 593 2362 consuluit
607 2304 791 2376 hominibus,
813 2324 851 2383 qu
876 2303 894 2363 d
914 2306 950 2365 iis
964 2306 1022 2366 lar·

335 2387 394 2466 gita
411 2380 451 2442 est
466 2384 627 2454 rationem3
645 2384 678 2442 iis
692 2382 757 2443 solis
771 2382 932 2458 consuluit,
946 2406 1023 2466 quos

333 2462 414 2524 boni
430 2466 540 2522 ratione
564 2463 706 2537 donavit3
723 2484 796 2543 quos
813 2463 972 2540 videmus,
997 2468 1026 2527 si

335 2544 427 2604 modo
436 2543 487 2602 ulli
495 2541 557 2603 sunt
567 2587 577 2617 ,
589 2542 645 2604 elle
658 2563 826 2624 perpaucos.
839 2541 910 2603 Non
922 2546 1023 2626 placet

336 2641 432 2684 autem
450 2625 546 2703 paucis
563 2646 579 2683 a
593 2624 645 2683 diis
657 2624 867 2684 immortalibus
878 2623 936 2685 elle
949 2647 1023 2687 conc·

335 2705 455 2764 sultum:
477 2703 601 2784 sequitur
618 2723 712 2786 ergo,
729 2721 759 2762 ut
780 2706 891 2762 nemini
907 2705 1023 2771 consul·

336 2803 398 2845 tum
416 2788 460 2845 sit.
558 2826 560 2831 ·

377 2860 522 2926 XXVIII.
543 2859 618 2918 Huic
642 2860 709 2939 loco
733 2862 772 2919 sic
790 2860 887 2925 soletis
913 2887 1024 2928 occur·

335 2964 420 3005 rere:
447 2960 507 3001 non
533 2938 642 2998 idcirco
669 2960 729 2999 non
753 2944 865 3018 optime
894 2948 1023 3007 nobise

337 3024 389 3084 diis
405 3020 461 3084 effe
477 3017 645 3102 provisum,
659 3019 740 3100 quud
755 3022 839 3082 multi
851 3043 961 3088 eorum
971 3029 1026 3089 he.
