2709 4017
416 471 487 544 188
526 472 593 538 De
620 484 789 537 urruns
813 485 1026 551 ottonum,¹

409 588 493 658 retis,
512 586 560 665 qui
571 581 621 642 ista
639 583 802 644 defenditis.
818 581 999 676 Quomodo
1014 585 1092 646 enim

410 665 538 744 probas,
560 665 740 723 continenter
755 666 812 721 ima
833 682 894 723 mes
907 661 1002 723 ferri?
1024 683 1092 738 aut,

410 746 433 802 si
453 745 660 816 continenter,
680 764 738 825 quo
758 683 849 802 modo
869 758 984 803 aeternae
1004 741 1017 802 ἓ
1040 746 1092 804 Irr-

410 824 616 884 numerabilitas
634 867 644 895 ,
667 820 786 903 inquis,
803 823 965 959 suppeditat
982 842 1093 883 atomo-

409 924 476 962 rum.
502 902 581 962 Num
603 901 707 962 eadem
729 922 799 983 ergo
822 903 830 959 i
855 924 871 961 a
893 898 1034 976 facient,
1063 918 1093 962 ut

409 985 466 1041 sint
484 984 581 1042 omnia
593 981 785 1061 sempiterna?
799 976 943 1062 Confugis
957 982 994 1040 ad
1005 985 1094 1063 aequia

410 1062 582 1123 libritatem:
603 1065 642 1120 sic
661 1065 737 1121 enim
753 1064 907 1138 inrapiat,
927 1062 949 1118 si
971 1060 1092 1142 placet,

411 1142 614 1221 appellemus:
643 1142 674 1199 &
698 1143 757 1212 ais,
780 1142 906 1217 quoniam
930 1143 968 1198 sit
991 1160 1092 1201 matura

411 1222 554 1292 mortalis,
573 1221 747 1280 immortalem
762 1222 841 1277 etiam
855 1217 903 1296 effe
919 1239 1053 1300 oportere.

411 1362 413 1368 ,
457 1319 522 1359 110.
554 1299 611 1361 Isto
641 1300 732 1359 modo
754 1345 762 1367 .
788 1301 926 1377 quoniam
955 1299 1091 1360 homines

411 1382 548 1441 mortales
567 1379 651 1452 sunt,
669 1383 724 1439 sint
738 1378 822 1459 aliqui
839 1379 1039 1449 immortales;
1059 1380 1092 1440 ὃ(

412 1464 549 1542 quoniam
567 1461 715 1519 nascuntur
733 1460 872 1530 interra,
892 1457 1042 1518 nascantur
1062 1458 1092 1519 &

412 1542 442 1598 in
469 1560 542 1620 aqua
568 1560 576 1597 ε
602 1543 628 1597 {e
656 1539 721 1616 quia
736 1537 803 1615 fimt
822 1559 879 1616 quae
906 1540 1091 1614 interimant,

411 1621 467 1676 sim
497 1638 556 1697 quoe
582 1617 745 1694 conservem.
776 1615 838 1675 Sint
861 1615 951 1676 sane:
981 1616 1031 1677 sed
1058 1638 1091 1679 ea

412 1695 613 1769 conservent,
642 1718 704 1776 quae
729 1694 803 1754 sunt.
834 1694 919 1756 Deos
941 1694 1009 1757 illos
1035 1696 1092 1759 effe

411 1797 472 1838 non
492 1776 593 1838 sentio.
616 1774 723 1837 Omnis
740 1794 838 1836 tamen
850 1775 901 1835 ista
916 1797 1013 1836 terum
1029 1776 1093 1837 effi·

411 1860 472 1940 gies
493 1878 529 1918 ex
550 1856 702 1915 individuis
729 1876 787 1936 quo
808 1855 899 1916 modo
921 1858 1093 1936 corponltus

411 1938 533 1998 'orituri
575 1959 617 1998 uae
643 1939 730 1999 etiam
748 1939 769 1994 si
791 1933 900 2008 edent,
926 1957 990 2015 quae
1016 1937 1094 1998 nulla

409 2017 493 2090 sunt3
517 1959 625 2097 pellere
641 2015 669 2073 se
688 2013 745 2094 ipsa
766 2058 776 2086 ‚
796 2016 827 2073 &
849 2017 947 2095 agitari
964 2018 1040 2077 inter
1064 2016 1093 2079 se

413 2096 552 2157 concursu
579 2091 691 2152 fortasse
708 2091 843 2172 possent:
870 2093 998 2152 formare
1023 2140 1035 2162 ,
1057 2094 1094 2157 fi-

433 2196 533 2248 orare,
558 2174 715 2240 colorare,
741 2173 865 2229 animare
887 2189 947 2229 non
967 2173 1093 2250 pollent.

409 2196 503 2319 llullo
532 2253 616 2332 igitur
647 2249 740 2309 modo
775 2249 970 2310 immortalem
1005 2254 1093 2316 deum

411 2329 533 2393 efficitis.

450 2410 520 2471 XL.
544 2407 705 2468 Videamus
735 2427 810 2469 nunc
836 2408 873 2469 de
898 2409 999 2470 beato.
1023 2410 1091 2473 Sine

408 2493 515 2551 virtute
537 2490 615 2548 certe
637 2489 718 2548 nullo
742 2490 858 2551 modo:
881 2492 970 2549 virtus
994 2510 1092 2552 autem

408 2571 541 2643 aduola3
563 2568 596 2629 &
618 2569 689 2629 deus
709 2565 803 2632 vellet
821 2571 889 2629 nihil
909 2591 1016 2650 agens:
1039 2592 1092 2632 ex·

410 2672 477 2732 pers
498 2651 610 2709 virtutis
626 2651 710 2732 igitur
730 2669 736 2705 :
760 2651 825 2724 ita,
848 2671 885 2711 ne
904 2651 1005 2708 beatus
1026 2653 1092 2731 qui-

410 2733 490 2793 dem.
511 2730 589 2810 Quae
606 2749 678 2811 ergo
699 2731 781 2790 vitai
801 2729 1024 2811 Suppeditatio,
1045 2732 1093 2790 in-

412 2815 474 2894 quis
501 2856 511 2884 ,
535 2813 707 2883 bonorum,
730 2811 809 2870 nullo
832 2811 974 2869 malorum
1000 2810 1092 2870 inter·

409 2910 510 2960 remu.
535 2891 671 2973 Quorum
693 2886 812 2952 tandem
828 2889 1001 2954 bonorum?
1023 2889 1093 2961 Vos

1130 303 1135 474 l
