2709 4017
443 521 598 590 Lroart
624 510 838 591 PnrmusJ
885 544 967 618 ,139

257 634 363 706 ‚nella
387 635 607 697 commiscerent
634 657 698 695 cum
724 635 913 706 commodis,
935 653 967 694 ut

284 736 321 777 ea
343 720 417 777 inter
438 717 466 776 se
488 717 685 798 magnitudine
713 716 851 797 &quasi
871 715 966 796 gradi·

284 797 368 868 bus,
398 817 457 855 non
480 816 588 877 genere
611 793 775 856 differrent:
802 796 862 854 haec
888 798 966 855 enim

283 874 326 936 est
346 896 406 935 non
424 877 581 936 verborum
598 898 709 956 parva,
725 873 774 935 sed
794 896 889 935 rerum
901 895 970 956 per·

276 972 390 1037 magna
407 955 551 1017 dissensio.
569 956 684 1016 Verlrm
703 955 765 1015 haec
784 956 870 1015 alias:
890 975 966 1016 nunc

283 1035 366 1117 quod
386 1038 548 1116 coepimus,
569 1039 593 1096 si
612 1036 736 1096 videtur.

284 1133 288 1139 ·
330 1134 376 1191 17.
397 1115 473 1174 Mihi
491 1118 584 1187 vero,
601 1117 693 1196 inquit
711 1113 827 1188 Cotta,
841 1113 971 1175 videtur.

282 1191 346 1254 Sed
366 1212 396 1252 ut
413 1195 484 1269 hic,
507 1198 555 1276 qui
572 1196 749 1268 intervenit,
765 1214 813 1253 me
831 1195 968 1267 intuens,
997 1233 999 1238 ·

282 1292 323 1334 ne
350 1275 485 1353 ignoret,
510 1295 573 1355 quae
592 1295 638 1335 res
658 1292 782 1355 agatur,
808 1274 845 1333 de
868 1291 968 1333 natura

282 1351 443 1434 agebamus
461 1353 605 1414 deorum:
634 1375 698 1433 quae
718 1372 807 1433 quum
829 1352 899 1410 mihi
918 1355 967 1412 vi·

284 1434 402 1493 deretur
433 1433 606 1513 perobscura
631 1478 641 1505 ,
673 1449 705 1492 ut
735 1432 847 1511 semper
876 1430 970 1492 videri

285 1511 383 1586 solet;
403 1511 519 1594 Epicuri
538 1535 575 1574 ex
595 1512 713 1574 Velleio
736 1510 892 1571 sciscitabar
910 1509 971 1570 sen·

284 1594 428 1654 tentiam:
455 1595 644 1674 quamobrem
660 1638 669 1666 ‚
698 1593 790 1672 inquit
804 1636 814 1665 ,
845 1589 942 1651 Vellei
958 1633 969 1664 ,

285 1674 341 1731 nisi
362 1672 514 1734 molestum
539 1672 602 1747 est,
622 1691 724 1753 repere
742 1693 805 1753 quae
824 1691 967 1752 coeperas.

285 1751 432 1833 Repetam
454 1755 556 1814 verb:
585 1773 761 1834 quamquam
789 1771 849 1810 non
875 1751 966 1824 mihi,

284 1831 336 1892 sed
357 1834 409 1891 tibi
428 1833 473 1892 hic
492 1836 574 1893 venit
592 1831 728 1910 adjutor:
753 1831 841 1889 ambo
866 1833 967 1903 enim,

284 1914 378 1992 inquit
396 1911 547 1984 arridens,
568 1911 603 1969 ab
625 1911 732 1970 eodem
754 1909 875 1968 Philone
895 1911 967 1968 nihil

284 1991 357 2053 scire
378 1989 520 2050 didicistis.
544 1988 625 2050 Tum
643 2009 721 2072 ego,
737 1987 822 2066 Quid
836 1987 969 2050 didiceri-

284 2092 376 2144 mus,
396 2069 488 2132 Cotta
500 2070 606 2132 viderit
620 2090 627 2129 :
643 2088 674 2131 tu
693 2085 788 2130 autem
811 2064 881 2128 nolo
897 2066 970 2129 exis·

284 2153 395 2229 times,
424 2171 472 2211 me
493 2149 656 2228 adjutorem
676 2151 742 2209 huic
764 2147 896 2221 venille,
918 2147 968 2209 sed

286 2232 479 2302 auditorem,
510 2232 542 2292 &
566 2231 683 2310 quidem
716 2250 851 2308 aequum,
874 2228 968 2289 libero

286 2309 416 2390 judicio,
433 2311 511 2369 nulli
526 2309 668 2387 eiusmodi
685 2308 846 2369 adstridlum
861 2329 968 2370 neces·

287 2394 394 2464 sitate,
416 2408 448 2450 ut
466 2390 535 2449 mihi
546 2437 556 2466 ‚
569 2391 678 2462 velim,
699 2390 814 2462 nolim,
836 2390 871 2449 sit
888 2407 967 2452 certa

287 2471 421 2554 quaedam
439 2471 546 2529 tuenda
562 2469 711 2530 sententia.

328 2549 430 2611 Vlll.
446 2547 526 2610 Turn
544 2550 676 2610 Velleius
693 2547 816 2608 fidenter
836 2546 919 2621 sane,
935 2561 968 2608 ut

286 2628 381 2690 solent
397 2628 461 2702 illi,
477 2630 546 2690 nihil
559 2646 618 2693 tarn
636 2648 741 2695 verens
760 2627 846 2709 qulam
862 2647 899 2688 ne
915 2628 967 2687 du·

287 2709 380 2770 bitare
402 2710 555 2788 aliquado
577 2728 609 2770 re
631 2709 798 2783 videretur,
818 2723 966 2788 tamquam

287 2789 381 2849 modo
398 2809 435 2850 ex
450 2789 572 2848 deorum
586 2789 731 2861 concilio,
751 2789 782 2849 &
800 2807 836 2848 ex
850 2787 967 2867 Epicuri

287 2869 487 2929 intermundiis
501 2868 701 2929 descendisset:
718 2867 826 2929 Audite
836 2911 846 2939 ,
857 2867 966 2944 inquit,

287 2968 351 3011 non
377 2946 471 3008 sutiles
494 2949 760 3030 commenticiasque
783 2945 967 3012 sententias,

289 3046 350 3091 uon
362 3025 498 3113 opificem
514 3028 777 3112 aedificatoremque
790 3024 892 3091 muudiv
902 3021 966 3089 Pla!
