2709 4017
443 487 602 557 Lrunn
631 503 914 558 strennuus,
952 509 1031 586 427
1092 542 1095 548 «

341 608 439 665 tutem
455 599 637 681 putabamus.
651 600 760 674 Nunc,
780 605 916 682 quoniam
935 603 971 664 de
983 624 1035 666 re-

345 682 461 762 publica
471 680 584 759 consuli
598 684 686 761 coepti
702 681 816 755 sumus,
830 683 981 743 tribuenda
992 684 1034 746 est
1091 707 1099 729 t

336 752 437 842 [opera
453 761 637 842 reipublice,
651 762 701 821 vel
723 765 817 822 omnis
832 765 929 843 potibs
947 767 975 823 in
999 785 1035 826 ea

338 845 496 924 eogitetio
510 843 541 901 &
560 841 782 922 cumponenda
799 864 808 916 ;
838 860 948 904 tantum
969 846 1035 906 huic

336 919 439 996 -lludio
457 918 677 1001 relinquendum
689 922 704 996 ,⁴
725 945 863 1004 quantum
883 925 997 985 vacabit
1016 948 1035 986 a

340 988 463 1084 -publico
480 1001 576 1062 offitio
598 1004 630 1063 &
648 1024 780 1062 munere.
808 1002 868 1064 Sed
885 1004 946 1064 haec
965 1005 1035 1065 alibs

337 1083 493 1164 pluribus:
512 1103 588 1142 nunc
599 1083 637 1143 ad
646 1081 802 1144 institutam
811 1082 1035 1166 disputationem

344 1181 537 1227 reuertamur.
650 1212 652 1217 .

385 1241 443 1303 111.
461 1241 539 1302 Nam
553 1256 641 1323 quum
658 1234 703 1302 de¹
715 1242 894 1303 divinatione
906 1240 1036 1323 Quintus

344 1319 485 1396 frarerea
507 1320 693 1396 differuillet,
711 1343 776 1402 quae
793 1321 940 1402 superiore
957 1323 1035 1385 libro

336 1388 449 1484 ‘scripta
468 1402 554 1477 lunt,
574 1401 694 1482 satisque
710 1401 888 1462 ambulatum
912 1402 1035 1464 videre·

334 1498 410 1623 ξπ
428 1482 1034 1644 zuerin?‘’lutzuurssuut

333 1624 340 1639 .
399 1606 409 1636 r
582 1605 591 1621 ·
808 1608 818 1636 r

343 1643 487 1724 quidem,
500 1646 634 1723 inquam,
648 1636 783 1720 Quinte,
799 1643 831 1702 &
848 1641 944 1703 Stoice
955 1641 1034 1703 Stoi-

336 1742 445 1784 ¹eorum
463 1723 632 1784 sententiam
651 1721 803 1785 defendisti
814 1743 823 1782 ξ
834 1724 970 1803 quodque
984 1745 1035 1784 me

334 1804 471 1877 :maxime
494 1803 639 1874 deledat‚
659 1803 788 1882 plurimis
809 1803 908 1862 nostris
930 1823 1035 1863 exem-

337 1883 399 1965 plis
417 1882 480 1943 usus
497 1903 547 1954 es,
569 1883 647 1942 &iis
666 1881 785 1961 quidem
802 1882 883 1941 claris
903 1882 934 1941 &
954 1881 1035 1942 illus·

331 1963 446 2036 nribus.
472 1961 642 2022 Dicendum
665 1960 706 2022 est
725 1961 796 2020 mihi
818 1963 903 2042 igitur
922 1961 959 2022 ed
977 1981 1034 2037 ea,

332 2060 409 2123 ,qua
427 2042 490 2103 sunt
501 2064 518 2102 a
530 2059 560 2103 te
579 2041 675 2116 diua,
693 2041 815 2112 sedita,
828 2041 896 2100 nihil
911 2061 940 2100 ur
951 2038 1033 2102 affir-

332 2141 444 2197 mem,
463 2141 590 2202 queram
606 2124 725 2194 omnia,
751 2120 883 2180 dubitans
900 2120 1034 2200 plerum·

333 2222 421 2285 que,
441 2202 474 2263 &
498 2203 568 2261 mihi
586 2200 645 2282 ipse
666 2198 815 2260 diffidens:
836 2202 954 2260 sienim
974 2199 1033 2261 ali-

339 2283 416 2364 quid
434 2283 504 2343 certi
521 2283 681 2354 haberem,
702 2282 781 2362 quod
800 2281 928 2340 dicerem
945 2302 954 2353 ;
973 2300 1033 2364 ego

342 2362 403 2444 ipse
429 2361 622 2437 divinarem,
657 2365 708 2444 qui
736 2359 791 2423 effe
822 2361 1032 2424 divinationem

342 2463 381 2505 ue
402 2464 432 2503 o.

334 2463 415 2601 ffb.
436 2521 552 2582 Etenim
568 2540 617 2583 me
641 2536 745 2581 movet
768 2519 870 2591 illud,
896 2519 976 2600 quod
1000 2521 1031 2581 in

343 2603 444 2685 primis
463 2600 632 2663 Carneades
650 2620 778 2681 quaerere
802 2598 938 2673 solebat,
956 2620 1031 2681 qua·

331 2699 475 2745 ,sumnam
493 2702 591 2743 rerum
607 2681 747 2741 divinatio
764 2676 855 2752 ellet3
871 2693 1032 2754 'eurumne,

383 2787 408 2824 re
431 2762 558 2825 sensibus
574 2761 813 2844 perciperentur?
835 2759 876 2820 At
895 2780 943 2819 eas
964 2761 1031 2840 qui·

336 2782 413 2913 *didm
431 2846 596 2915 cernimus,
617 2844 767 2916 audimus,
787 2839 956 2923 gustamus,
985 2836 1031 2901 ol·

342 2922 485 2996 fecimus,
516 2925 669 3004 tangimus.
692 2921 841 3003 Numquid
861 2939 931 3000 ergo
950 2921 980 2978 in
993 2919 1030 2978 iis

341 3005 430 3069 rebus
448 3003 510 3078 est,
534 3004 614 3085 quod
630 3005 822 3085 provisione,
838 3017 887 3061 eut
902 3018 1027 3081 permoq
