2709 4017
384 479 463 556 '160
497 479 563 549 Da
582 493 754 548 unauna
778 486 983 565 unorum
1060 497 1063 503 ·

384 616 446 656 ram
472 592 529 655 effe
543 592 683 665 'ducam3
710 591 781 653 nihil
805 592 918 655 fortaiie
941 593 1070 676 respon&

384 675 481 735 deam.
497 673 640 752 Quaeras,
656 690 796 753 putemne
808 675 897 734 talem
907 672 982 748 effe,
994 697 1070 755 qua·

349 763 353 773 '
383 753 418 814 lis
442 754 535 814 modo
551 777 569 813 a
591 773 621 814 te
640 755 676 812 sit
698 755 853 832 exposita3
876 752 947 813 nihil
971 754 1069 815 dicam

384 833 454 893 mihi
474 834 568 895 videri
586 835 679 893 minus
693 840 704 892 ἐ
723 832 773 893 sed
791 849 947 913 antequam
966 855 1071 916 aggre-

386 913 447 973 diar
464 914 500 974 ad
519 935 575 987 ea,
591 935 653 993 quae
671 935 687 972 a
701 929 730 973 te
744 912 884 994 disputata
897 913 979 988 sunt,
989 915 1026 975 de
1037 930 1070 976 te

384 993 447 1074 ipso
464 993 557 1053 dicam
572 993 641 1074 quid
654 993 784 1054 sentiam.
1055 1023 1060 1028 ·

395 1096 398 1102 ·
430 1071 477 1154 58.
495 1072 579 1154 Saepe
598 1073 677 1133 enim
693 1073 730 1132 de
748 1073 782 1133 L.
795 1071 916 1147 Crasso,
936 1071 1072 1134 familiari

386 1153 438 1213 illo
455 1170 530 1228 tuo,
548 1152 652 1214 videor
668 1151 797 1225 audisse,
818 1175 907 1236 quum
919 1168 947 1213 te
961 1155 1071 1234 togatis

335 1258 338 1263 ·
387 1234 523 1294 omnibus
539 1236 602 1294 sine
616 1233 705 1293 dubio
722 1231 897 1306 anteferret,
913 1233 1073 1312 &paucos

387 1329 488 1374 tecum
509 1312 667 1394 Epicureos
689 1333 705 1373 e
726 1311 840 1373 Graeuia
861 1330 1071 1392 compararet:

387 1391 461 1468 sed,
486 1393 618 1474 quodab
636 1413 675 1454 eo
691 1412 722 1454 te
737 1391 852 1452 mirifice
869 1394 946 1472 diligi
962 1393 1075 1452 intelli-

411 1474 514 1546 ebam,
532 1474 689 1553 arbitrabar
699 1472 780 1532 illum
795 1490 915 1552 propter
931 1472 1075 1531 benevo-

388 1493 507 1612 ientiam
532 1551 562 1609 id
590 1552 703 1611 uberius
727 1551 830 1611 dicere.
857 1550 922 1630 Ego
947 1567 1047 1612 autem
1061 1597 1075 1624 ,

390 1633 445 1691 etsi
460 1650 569 1711 vereor*
581 1629 697 1691 laudare
710 1627 897 1709 presentem,
914 1627 1012 1707 judico
1027 1649 1076 1691 ta·

389 1729 460 1771 men
474 1708 512 1770 de
521 1729 553 1769 re
570 1708 690 1781 obscura
707 1727 793 1789 atque
810 1707 917 1768 difficili
935 1729 992 1769 ate
1007 1711 1075 1770 dic-

390 1806 454 1850 tum
469 1787 527 1850 esse
544 1788 687 1862 dilucide3
705 1808 800 1869 neque
817 1789 960 1849 sententiis
978 1789 1074 1850 solum

390 1872 512 2011 popiose
523 1914 534 1941 ,
541 1869 601 2010 stsed
615 1871 712 1931 verbis
727 1872 816 1930 etiam
827 1872 971 1943 ornatius,
983 1870 1074 1951 quim

403 1968 484 2012 oent
501 1971 539 2010 ve
564 1973 598 2011 n·

437 2049 484 2110 59.
504 2031 676 2102 Zenonem,
697 2047 785 2110 quem
801 2030 883 2089 Philo
904 2026 1000 2087 noster
1017 2049 1075 2088 co-

391 2112 543 2190 ryphaeum
562 2111 709 2190 appellare
722 2108 928 2188 Epicureorum
941 2106 1080 2182 solebat,

295 2229 301 2239 f
391 2210 481 2270 quum
502 2188 624 2248 Athenis
641 2186 913 2258 effem‚audiebam
931 2183 1076 2265 frequen·
1111 2218 1115 2224 ·

390 2274 454 2342 ter,
469 2268 501 2328 &
537 2267 634 2327 uidem
644 2266 705 2346 ipso
715 2265 830 2326 auiiore
846 2265 965 2324 Philone
979 2285 987 2337 3
1007 2287 1076 2327 cre·

392 2347 455 2420 do,
473 2361 506 2405 ut
516 2288 631 2406 iacilius
648 2344 806 2424 judicarem
825 2345 911 2426 quim
929 2344 976 2402 illa
995 2346 1074 2407 bene

390 2425 610 2498 refellerentur,
625 2431 719 2508 'quum
732 2447 748 2483 a
761 2429 889 2506 principe
910 2423 1075 2504 Epicureo-

391 2526 456 2566 rum
481 2505 649 2586 accepiffem
669 2506 917 2587 quemadmodum
938 2505 1075 2566 diceren-

391 2602 449 2647 tur.
468 2585 539 2646 Non
553 2589 638 2668 igitur
653 2587 721 2659 ille,
740 2603 772 2645 ut
789 2587 939 2667 plerique;
957 2583 1007 2644 sed
1020 2584 1073 2646 isto

391 2666 505 2738 modo,
526 2683 557 2725 ut
576 2685 627 2740 tu,
641 2665 787 2739 diffindi,
802 2671 942 2747 graviter,
961 2667 1075 2727 ornate.

394 2745 455 2807 Sed
476 2746 557 2825 quod
580 2749 609 2805 in
632 2749 684 2805 illo
704 2747 773 2805 mihi
799 2768 852 2806 usu
872 2745 944 2824 saepe
967 2749 1074 2820 venit,

393 2828 474 2888 idem
491 2826 600 2898 modo,
614 2848 702 2905 quum
715 2845 745 2886 te
756 2827 905 2898 audirem,
921 2825 1075 2899 acciderat,

393 2926 426 2966 ut
459 2905 577 2966 moleste
608 2905 747 2978 ferrem,
784 2922 895 2965 tantum
928 2907 1075 2984 ingenium

386 2985 411 3068 (
429 2987 508 3050 hond
524 2986 611 3050 venii
631 3006 678 3048 me
697 2985 822 3069 audies)
843 2988 870 3047 in
890 3001 949 3045 tarn
968 2986 1075 3066 levet,
