2709 4017
361 454 431 556 '5'66
586 476 843 535 Nouum
901 465 903 467 ’

408 588 481 640 330,
498 586 526 638 9.
544 573 738 624 Academicorum
762 592 833 624 more.
857 573 950 625 Maliet
967 574 1065 630 vatkea

371 664 412 698 rus
431 647 585 705 Stoicorum,
600 665 702 713 quorum
720 658 789 698 erant
805 648 930 713 paradoxa
949 679 958 708 ‚
978 661 1063 701 contra

372 735 526 770 communem
546 720 697 787 opinionem.

409 805 483 856 334,
500 792 527 842 6.
549 792 642 863 Quanti
656 792 704 859 ejus
724 807 816 844 norun.
836 791 930 843 Mallet'
945 791 1062 846 Davisius

373 880 467 916 numen.

412 937 464 1000 338
479 969 487 991 ,
503 950 531 996 4.
550 934 580 985 lu
592 935 752 1004 Tympauidis.
769 936 829 988 Vox
846 944 983 1003 corrupta.
994 935 1062 988 Divi·

372 1009 447 1058 nabat
467 1008 585 1058 Buherius
605 1041 612 1066 ,
634 1009 659 1057 iu
677 1007 831 1075 Pentapuiis.
852 1009 894 1058 sie
913 1011 1062 1060 vocabantur

330 1122 333 1128 .
374 1095 454 1146 portae
472 1081 576 1147 quinque
593 1097 697 1131 numero
715 1113 725 1138 ,
744 1098 799 1148 quae
816 1081 941 1132 ducebant
958 1097 992 1132 eru
1009 1097 1063 1132 arcs

374 1155 400 1202 in
419 1155 511 1202 urbem.

411 1224 473 1273 ibid.
497 1238 538 1287 17.
556 1223 645 1274 Mundi
662 1223 745 1274 diuino
758 1224 783 1274 iu
800 1224 904 1275 domines
923 1225 1063 1275 moderatio.

375 1295 522 1347 Affentimtrt
535 1296 638 1346 Davisio
657 1297 748 1347 delenti
764 1299 838 1346 verba
853 1297 879 1346 iu
897 1299 1011 1348 homines.

415 1381 466 1433 339
485 1401 494 1427 ,
522 1381 566 1432 31.
587 1370 623 1418 Et
638 1365 691 1436 spei
711 1365 877 1434 consecremus.
900 1371 1000 1419 Vocem
1013 1367 1064 1436 spei

375 1441 425 1490 huc
436 1457 450 1490 e
461 1441 613 1505 sequentibus
630 1442 731 1491 retraxit
746 1440 870 1492 Pearcius.
887 1441 958 1492 Mate
975 1443 1001 1490 in
1013 1443 1066 1491 vui·
1104 1440 1106 1444 ⁴

372 1512 440 1580 gatis
452 1547 460 1570 ‚
466 1509 533 1580 spei,
541 1509 628 1579 salutis
639 1547 646 1582 3
657 1547 664 1562 .
675 1549 683 1565 .
694 1512 818 1578 facultas.
831 1546 859 1563 ..
873 1516 1010 1580 expetenda
1024 1513 1063 1574 est.

417 1597 466 1648 345
478 1617 485 1644 ,
499 1601 526 1649 7.
539 1584 673 1652 Magnifica
691 1586 780 1651 quidem
796 1603 843 1636 res.
862 1586 899 1635 lta
917 1586 1014 1636 Davisii
1025 1602 1063 1635 co·

377 1656 445 1707 dices
468 1658 493 1708 ἃ
514 1658 594 1724 regius
620 1657 724 1716 noster,
747 1674 792 1723 pro
816 1658 918 1725 vulgato
943 1658 1065 1726 magnifiee

380 1731 484 1796 quedam
507 1746 553 1778 res.
585 1728 684 1800 Quique
706 1728 814 1796 proximi
837 1732 870 1778 od
896 1731 992 1779 deorum
1022 1730 1067 1780 vim

379 1816 465 1852 natura
481 1801 591 1851 mortalis
602 1802 679 1869 possit
695 1803 816 1853 accedere.
830 1803 867 1852 lta
881 1802 965 1852 locum
983 1818 1066 1852 emen-

380 1874 447 1925 davit
466 1874 595 1924 Turnebus
613 1875 669 1924 adv.
692 1888 731 1934 5,
751 1888 795 1924 22.
813 1874 839 1924 &
854 1874 889 1924 sic
911 1872 964 1923 ieri
987 1875 1066 1941 regius

382 1948 410 1999 &
431 1946 525 1996 Davisii
542 1945 621 1996 codex
640 1946 751 1996 Eliensis.
770 1945 871 2013 Vulgari
888 1947 956 1995 nulio
973 1945 1067 2005 sensu.

382 2037 475 2086 quaque
485 2017 593 2086 proximi
604 2020 636 2068 ad
647 2020 741 2069 deorum
752 2017 799 2068 vim
809 2017 897 2067 maturi
907 2018 1006 2068 mortali
1013 2035 1068 2088 pos·

379 2091 413 2142 sit
427 2093 546 2141 accedere.

421 2165 491 2228 346,
504 2178 530 2228 9.
544 2163 623 2230 Atque
634 2162 765 2213 barbaram.
779 2159 866 2231 Vulgi>
879 2178 972 2229 tamque
983 2161 1069 2212 bariu-

381 2255 441 2288 ram.
455 2239 487 2287 Et
498 2235 570 2302 pauli
583 2236 648 2301 post,
662 2233 862 2302 obseruitaveruut
873 2252 920 2301 pro
932 2232 1069 2302 observave-

380 2324 447 2359 runt.
469 2308 574 2374 Regium
583 2309 693 2357 codicem
706 2310 730 2358 δι
743 2308 887 2358 Davisianos
899 2309 1028 2375 sequimur.

420 2379 496 2443 348,
519 2393 562 2442 30.
583 2381 708 2447 Cratippus
726 2397 823 2446 quoque.
848 2381 885 2429 lta
907 2381 992 2448 regius
1017 2393 1067 2430 cum

382 2452 504 2521 plerisque
521 2450 667 2501 Davisianis.
687 2452 770 2519 Vulgi>
786 2449 963 2521 Cratippusque.

423 2538 497 2587 349,
516 2540 557 2585 14.
578 2524 626 2575 Vel
638 2525 757 2591 princeps.
777 2526 814 2573 lta
834 2526 903 2574 dedit
921 2526 1036 2576 Davisius
1054 2539 1072 2574 e

383 2594 462 2647 Palat.
482 2613 506 2646 2.
520 2599 592 2663 idque
607 2596 717 2647 Gruteto
737 2598 835 2661 placuit.
849 2596 936 2664 Vulgi
953 2599 992 2648 uel
1005 2597 1071 2664 priu-

384 2668 498 2736 cipibus,
522 2686 606 2720 ercore
624 2669 725 2720 librariis
741 2669 870 2728 familiari,
895 2670 950 2736 quia
968 2686 1074 2736 praeces·

384 2741 418 2793 sit
438 2760 453 2791 a
472 2742 570 2792 Stoicis.

425 2827 499 2878 352,
521 2831 561 2877 14.
584 2813 643 2885 Quae
659 2832 707 2865 nort
724 2811 861 2883 extispicum
879 2848 887 2872 ,
904 2814 1007 2876 monstra
1025 2812 1074 2865 oc.

386 2885 471 2955 Vulgi)
490 2906 538 2954 quae
557 2906 603 2938 nou
625 2887 831 2955 extirpandum,
851 2902 893 2935 aut
909 2887 1012 2949 monstra
1027 2886 1074 2936 &c-

387 2960 515 3026 Sequimur
533 2960 606 3011 Josiae
620 2959 728 3009 Merceri
743 2961 907 3025 conjeiiuram
920 2993 928 3018 ,
942 2977 1012 3027 quam
1024 2958 1077 3026 ipse

388 3030 485 3082 'fuiiius
504 3031 629 3081 confirmat
647 3032 708 3081 iniri
728 3035 770 3082 lib.
790 3050 827 3091 2,
847 3034 891 3083 26.

426 3116 495 3168 354,
512 3104 554 3157 16.
572 3103 635 3166 Inest
646 3104 671 3154 iu
687 3104 744 3156 riuis
758 3106 781 3157 Gr
795 3103 942 3161 ranunculis.
957 3102 1005 3156 Hic
1018 3100 1080 3156 mint
