2709 4017
414 608 416 614 s
458 553 616 622 [turn
645 567 875 621 rannus.
939 568 1014 642 317

340 700 348 706 -
375 683 426 744 49.
438 665 488 725 An
506 665 699 744 Amphiaraus
716 663 875 737 demerit,
891 663 923 726 &
935 663 1017 724 Tro·

332 745 482 826 phonius?
503 744 591 805 nostri
603 743 721 823 quidem
744 744 906 822 publicani,
927 764 1016 824 quum

334 824 425 885 client
452 825 513 906 agri
535 828 565 883 in
584 823 698 884 Boeotia
719 823 840 884 deorum
862 827 1017 884 immorta-

333 907 404 964 lium
421 905 535 984 excepti
559 903 585 962 le
608 924 630 964 e
642 902 793 974 censorii,'
806 906 1018 987 negabantim-
1058 922 1060 926 ’

333 984 471 1045 mortales
488 981 544 1044 else
560 924 656 1056 ullos,
678 984 726 1063 qui
747 983 782 1042 ali
824 984 902 1045 ando
917 985 1016 1045 homi·

334 1084 386 1123 nes
404 1061 527 1123 fuissent.
546 1061 606 1123 Sed
623 1064 646 1121 si
664 1061 726 1121 sunt
741 1062 771 1121 hi
811 1065 850 1136 ii;
872 1062 912 1124 est
933 1066 1017 1125 cette*

334 1142 540 1215 Erechtheus,
560 1140 641 1221 cujus
666 1141 791 1202 Athenis
809 1145 844 1202 ,δι
863 1143 1015 1204 delubrum

333 1224 480 1295 vidimus,
502 1221 534 1281 &
550 1218 740 1281 sacerdotem.
759 1220 860 1300 Quem
876 1225 900 1280 si
923 1223 1012 1282 deum

333 1302 473 1374 facimus,
486 1301 556 1381 quid
572 1319 620 1361 aut
632 1301 668 1360 de
682 1299 786 1361 Codro
801 1302 930 1362 dubitate
942 1323 1019 1382 pos*

333 1381 447 1456 sumus,
466 1387 515 1440 aut
533 1380 570 1440 de
588 1383 690 1441 ceteris
708 1383 756 1460 qui
778 1398 942 1463 pugnantes
957 1403 1013 1461 pro

333 1465 432 1541 patriae
448 1461 579 1520 libertate
597 1460 785 1521 ceciderunt?
804 1461 885 1542 quod
902 1464 925 1519 si
938 1483 1015 1541 pro-

333 1541 428 1602 babile
444 1562 506 1600 non
528 1539 590 1612 est;
607 1561 645 1600 ne
661 1541 709 1600 illa
719 1540 836 1622 quidem
849 1540 1013 1621 superiora,

319 1622 412 1682 unde
428 1620 490 1680 haec
499 1620 646 1694 manant,
665 1622 818 1701 probanda
831 1621 905 1681 sunt.
1013 1654 1016 1665 ε

378 1719 424 1782 ςο.
440 1701 539 1780 Atque
553 1701 629 1761 ade'o
646 1704 675 1758 in
693 1700 834 1781 plerisque
851 1702 1014 1762 civitatibus

333 1781 453 1860 intelligi
480 1779 573 1860 potest
596 1782 733 1840 acuendae
756 1784 878 1841 virtutis¹
894 1783 1014 1862 gratia,

334 1864 394 1941 qub
415 1861 549 1919 libentius
568 1860 731 1939 reipublicae
750 1861 834 1918 causti
855 1861 1016 1938 periculum

333 1940 426 2000 adiret
446 1943 572 2025 optimus
593 1938 875 2019 quisque‚.virorum
897 1939 1016 2000 fortium

333 2022 510 2083 memoriam.
523 2020 645 2079 honn'te
666 2019 788 2079 deorum
811 2020 1015 2079 immortalium

334 2099 545 2160 consecratam:
564 2098 686 2159 obeam
703 2103 781 2160 enim
797 2098 886 2180 ipsam
901 2099 1014 2161 causam

333 2178 526 2240 Erechtheus.
543 2180 694 2253 Athenis,
721 2178 843 2262 filiaeque
869 2178 960 2258 ejus,
984 2183 1014 2240 in

335 2281 459 2320 numero
477 2260 689 2320 deo'rumlunt.
707 2259 841 2343 Itemque
861 2261 1016 2321 Leo-nata·

334 2362 400 2399 rum
419 2338 460 2401 est
473 2341 793 2415 delubrum‘Atl'tenis‚.'
802 2342 1017 2422 quod-Leuco-

335 2422 399 2480 rion
435 2423 608 2481 nominatur.
646 2420 864 2482 Alabandenses
896 2423 1015 2502 quidem

334 2498 648 2560 {anulusnlabandum
662 2500 780 2572 nolunt,
792 2522 809 2560 a
821 2518 881 2580 quo
896 2499 937 2560 est
949 2501 1015 2560 urbs

335 2579 384 2639 illa
409 2580 549 2657 condita,
569 2580 656 2661 qulam
675 2600 848 2660 quemquam
873 2581 1015 2641 nobilium

335 2659 479 2732 deorum3
496 2661 573 2739 apud
586 2662 659 2741 quus
674 2682 735 2720 non
748 2661 888 2720 inurbane
903 2659 1014 2720 Strato-

336 2742 434 2812 nicus,
451 2757 482 2798 ut
500 2740 609 2810 multa,
626 2760 714 2819 quum
731 2741 851 2821 quidam
866 2743 894 2800 ei
904 2741 1015 2799 moles-

336 2836 401 2890 tus,
421 2819 707 2880 Alabandumdeum
731 2821 786 2882 elle
804 2818 1015 2892 confirmaret,

336 2897 494 2958 Herculem
518 2919 638 2981 negaret
658 2920 666 2958 a
688 2905 783 2982 Ergo,
797 2900 923 2979 inquit,
948 2899 1016 2964 milri

336 2979 528 3054 Alabandus,
551 2981 602 3040 tibi
621 2983 756 3040 Hercules
773 2983 810 3042 sit
827 2983 925 3040 iratus.

376 3055 446 3121 XX.
469 3057 521 3122 Illa
538 3077 654 3132 autem,
669 3059 779 3137 Balbe,
795 3076 905 3200 quaefu
922 3077 1015 3120 acoe-

865 3160 896 3220 ll]
