2709 4017
484 533 641 602 Lim
671 547 880 600 enimus,
949 549 1022 623 127

334 682 337 686 -
378 643 458 705 XII.
482 645 559 726 Quae
582 665 671 726 quum
692 641 819 704 dixisset:
837 643 874 704 Et
892 643 1023 705 breviter

335 725 429 800 sane,
453 727 627 807 minimeque
650 723 772 784 obscure
792 727 922 806 exposita
947 728 1018 799 ess,

334 809 473 887 inquam,
491 829 508 867 a
523 825 574 879 te,
588 806 706 879 Varro,
727 805 759 865 δι
774 809 881 866 vetetis
901 803 1019 866 Acade·

334 888 401 946 miae
420 890 491 946 ratio
510 886 735 948 &Stoicorum
757 881 839 946 Veru
887 883 944 945 elle
964 905 1020 944 au*

334 984 397 1026 tem
416 967 557 1040 arbitror,
574 984 606 1027 ut
624 965 798 1036 Antiocho,
816 987 856 1027 no
882 986 915 1025 ro
935 963 1021 1024 sami·

333 1047 416 1119 llari,
432 1047 583 1127 placebat,
597 1046 809 1108 corredionem
820 1049 927 1107 veteris
942 1044 1020 1104 Aca-

335 1127 439 1187 demiae
453 1128 550 1208 potilts
560 1171 570 1200 ‚
579 1127 665 1208 qu'am
676 1128 801 1207 aliquam
815 1147 924 1187 novam
937 1124 1019 1184 disci·

334 1207 446 1286 plinam
457 1207 625 1287 putandam.
639 1205 725 1265 Tunc
741 1205 857 1278 Varro,
871 1204 944 1264 Tuae
957 1203 1020 1265 sunt

332 1307 412 1344 nunc
432 1303 547 1366 partes,
566 1289 595 1345 in
617 1288 680 1355 uit,
704 1286 753 1364 qui
774 1286 810 1343 ab
834 1287 1018 1364 antiquorum

334 1368 448 1426 ratione
465 1387 541 1424 nunc
560 1307 705 1436 desciscis,
723 1363 755 1422 ὃ(
767 1383 820 1435 ea,
838 1384 901 1444 quae
917 1365 952 1422 ab
963 1364 1019 1421 Ar·

335 1445 424 1505 cesila
443 1461 552 1505 novata
567 1444 648 1516 sunt,
661 1443 791 1522 probas,
811 1443 917 1503 docere
937 1442 1017 1524 quod

335 1526 370 1585 δι
389 1525 495 1606 quade
517 1524 598 1585 causa
618 1522 765 1583 discidium
784 1522 889 1583 fadum
908 1526 966 1596 sit3
985 1538 1017 1584 ut

334 1605 505 1678 videamus,
521 1605 622 1666 satisne
635 1603 685 1664 isla
698 1607 732 1663 sit
748 1602 817 1679 justa
831 1602 968 1665 desedio.

334 1710 337 1714 ’
375 1705 424 1760 44.
442 1685 522 1745 Tum
539 1706 615 1769 ego:
633 1683 712 1746 Cum
726 1685 867 1756 Zenone,
879 1689 1017 1766 inquam,

332 1780 366 1823 ut
384 1770 566 1846 accepimus,
587 1764 730 1825 Arcesilas
744 1765 796 1823 sibi
814 1786 903 1826 omne
924 1783 1018 1825 certa·
1073 1822 1075 1825 .

333 1864 403 1904 men
423 1845 563 1918 instituit,
583 1865 644 1902 non
663 1844 838 1921 pertinacil,
857 1863 904 1904 aut
924 1842 1017 1905 studio

332 1924 472 1983 vincendi
493 1968 503 1996 ‚
523 1940 555 1982 ut
573 1924 644 1982 milti
666 1922 783 2001 quidem
803 1925 919 1983 videtur
934 1957 948 1996 =‚
969 1923 1019 1983 sed

334 2023 435 2062 earum
450 2022 548 2064 rerum
563 2001 756 2076 obscuritate,
770 2022 833 2083 quae
846 2003 883 2062 ad
901 2001 1021 2064 conses-

334 2085 451 2143 sionem
466 2085 653 2165 ignorationis
666 2082 844 2144 adduxerant
855 2082 1019 2163 Socratem,

333 2163 370 2224 &
399 2163 459 2242 jam
485 2179 551 2224 ante
565 2163 756 2237 Socratem,
783 2161 1018 2240 Democritum,

333 2241 561 2327 Anaxagoram,
573 2243 800 2325 Empedoclem,
823 2265 929 2307 omnes
941 2266 1019 2327 pene

332 2341 449 2384 veteres
462 2343 470 2382 t
484 2327 532 2404 qui
545 2325 613 2384 nihil
625 2322 781 2404 cognosci,
800 2325 869 2385 nihil
886 2330 1016 2408 percipi,

333 2403 402 2462 nihil
419 2404 479 2464 sciri
494 2401 574 2484 posse
590 2405 722 2464 dixerunt
733 2425 742 2475 ;
755 2404 887 2486 angustos
906 2407 1015 2482 sensus,

333 2483 493 2542 imbecillos
512 2486 644 2557 animos,
662 2485 762 2543 brevia
777 2487 914 2545 curricula
931 2489 1016 2562 vitae,

333 2563 367 2621 &
380 2569 394 2635 (
400 2580 431 2621 ut
441 2561 629 2623 Democritus
641 2563 654 2644 )
665 2565 695 2621 in
703 2563 850 2642 profundo
861 2568 1016 2629 veritatem

333 2639 1016 2722 effedemersam3opinionibus&inslitutisom·

333 2723 381 2780 nia
390 2723 500 2795 teneri;
514 2721 586 2780 nihil
594 2725 710 2783 veritati
724 2725 864 2805 relinqui3
876 2725 1015 2808 deinceps

333 2803 432 2860 omnia
441 2802 569 2862 tenebris
578 2801 743 2864 circumfusa
754 2803 810 2865 esse
822 2806 964 2867 dixerunt.
981 2839 984 2847 Δ

337 2911 339 2916 ·
375 2897 424 2959 45.
441 2881 540 2961 ltaque
555 2881 700 2943 Arcesilas
719 2887 843 2967 negabat
859 2883 916 2945 esse
928 2882 1014 2964 quid·

333 2978 440 3039 quam,
456 2962 534 3042 quod
553 2962 612 3022 sciri
626 2962 739 3044 pollet,
757 2984 795 3025 ne
812 2964 881 3023 illud
916 2964 1013 3022 uidem

331 3038 443 3118 ipsum,
463 3042 543 3121 quod
563 3040 698 3106 Socrates
712 3045 765 3103 sibi
782 3044 882 3122 reliqui
905 3050 944 3104 et'.
966 3040 1013 3102 Sic

332 3122 431 3184 onnia
448 3119 540 3219 latere
560 3122 694 3188 censebat
711 3125 741 3182 in
762 3122 898 3262 occtgltm
917 3140 1014 3206 neque

862 3224 893 3266 ιν
