2709 4017
388 502 490 576 ÷n16
523 501 971 572 normanorum

389 623 395 677 .’
414 635 476 677 tem
493 616 673 697 appellatur:
692 614 772 693 quod
789 630 884 674 autem
906 611 1095 686 absolutum}

387 724 398 758 ,··
409 698 440 757 id
458 696 499 756 est
512 701 621 768 virtus,
636 697 717 775 quasi
731 693 871 774 persedio
889 710 1014 764 naturae,
1027 714 1094 753 om-

389 828 394 835 .
412 779 550 857 ariumque
569 794 685 846 rerum,
708 794 777 854 quas
796 776 826 832 in
841 775 940 833 animis
957 789 1094 852 ponunt,

412 876 470 916 una
491 876 537 916 res
555 858 676 935 optima.
696 851 775 934 Ergo
796 853 857 911 haec
879 854 1054 911 animorum.

386 973 393 987 ψ
446 935 600 996 ·21.Vitae
624 939 744 1006 autem,¹
772 933 830 1007 tid
851 935 928 992 enirn
949 947 1009 990 erat
1030 947 1095 991 tet·

390 1015 485 1075 -rium
506 1012 521 1096 )
545 1012 677 1089 adjundda
701 1010 758 1072 esse
784 1011 938 1084 dicebant,
966 1031 1030 1090 quae
1058 1010 1096 1070 ad

389 1097 527 1155 -virtutis
547 1093 627 1153 usum
647 1093 788 1154 valerent.
814 1092 879 1152 Jam
897 1092 986 1150 virtus
1008 1091 1098 1149 animi

416 1175 502 1235 bonis
523 1175 702 1255 &corporis
720 1173 845 1232 cernitur
858 1173 888 1229 in
907 1168 1099 1250 quibusdam,

385 1275 483 1335 ·.quae
498 1275 559 1313 non
575 1271 636 1313 tam
650 1264 758 1312 naturae
769 1295 778 1324 ‚
791 1251 887 1332 ¹quiam
903 1250 996 1311 beatae
1008 1252 1098 1322 vita,

393 1360 399 1398 .·
417 1332 552 1413 adjuoda
578 1332 650 1393 sunt.
674 1332 836 1392 Hominem
863 1326 920 1390 effe
942 1327 1101 1390 censebant

392 1444 397 1457 ν
418 1417 500 1494 quasi
518 1430 630 1494 partem
646 1411 803 1491 quandam
822 1411 965 1482 civitatis,
984 1409 1018 1468 δι
1033 1411 1101 1468 uni-

420 1496 498 1558 uersi
515 1495 628 1572 generis
647 1493 783 1562 honuni,
800 1508 924 1568 eumque
946 1487 1003 1548 effe
1021 1509 1101 1548 con-

393 1612 399 1635 .·
418 1570 546 1651 jureium
564 1581 630 1629 cu'm
649 1568 814 1638 hominibus
832 1568 956 1626 humani
973 1568 1101 1646 quadam

392 1650 566 1711 -focietate
595 1648 641 1708 Ac
669 1647 846 1708 desummo
871 1646 990 1726 quidem
1012 1666 1102 1730 atque

391 1776 395 1782 .
420 1730 542 1790 naturali
563 1729 645 1789 bono
674 1731 715 1788 sic
743 1742 849 1808 agunt:
879 1742 974 1786 cetera
1001 1746 1102 1788 autern

398 1811 569 1892 -pertinere
588 1809 625 1868 ad
647 1807 677 1867 id
700 1823 802 1888 putant
819 1840 830 1882 ,ι
857 1823 905 1866 aut
931 1806 969 1865 ad
989 1826 1104 1888 augen-

394 1889 493 1956 ssdum
514 1934 524 1965 ‚
548 1905 597 1949 aut
620 1887 658 1948 ad
676 1887 843 1961 ruendum3
867 1904 898 1946 ut
917 1886 1050 1961 divitias,
1070 1905 1104 1948 ut

394 2030 398 2039 ,
423 1968 518 2051 oph,
537 1986 568 2028 ut
587 1970 732 2050 gloriam,
745 1984 776 2028 ut
793 1969 923 2048 gratiam.
939 1965 984 2025 lta
999 1968 1105 2047 tripete

391 2051 475 2122 „rita
493 2049 530 2108 ab
549 2050 582 2106 iis
598 2048 739 2108 inducitur
759 2050 831 2105 ratio
850 2046 1007 2106 bonorum.
1071 2074 1077 2093 ι

463 2127 527 2187 VI.
548 2125 648 2208 Atque
669 2127 730 2185 haec
748 2124 796 2183 illa
814 2123 878 2182 sunt
895 2128 949 2182 tria
968 2137 1103 2204 genem

395 2250 410 2263 .
423 2224 488 2285 qnae
502 2222 603 2285 putant
621 2206 691 2284 pleri
732 2222 748 2262 e
766 2202 828 2263 Pe·
852 2205 973 2261 arcticos
987 2204 1101 2265 dicere:

397 2320 402 2328 ·
423 2285 456 2344 id
476 2286 593 2367 quidem
612 2305 673 2343 non
693 2224 788 2353 {ism
807 2225 941 2341 ddenim
959 2282 1020 2342 haec
1035 2305 1104 2363 par·

398 2411 404 2418 .
423 2366 488 2424 titio
509 2365 643 2423 illorum:
663 2362 732 2420 iliud
748 2361 970 2440 imprudenter,
992 2365 1016 2420 si
1032 2358 1103 2423 alios

400 2489 405 2497 .
425 2441 482 2503 effe
502 2442 716 2512 Academicos,
733 2443 781 2522 qui
794 2457 855 2501 tum
872 2442 1104 2521 appellarentur,

423 2524 498 2582 alios
515 2521 738 2602 Peripateticos,
759 2522 937 2581 arbitrantur.
958 2520 1105 2581 Commu-

399 2605 474 2661 ..nis
489 2602 549 2662 haec
576 2605 672 2674 ratio,
694 2602 725 2660 ἃ
747 2601 870 2681 utrisque
890 2602 936 2660 hic
957 2601 1104 2662 bonorum

401 2720 408 2753 ς
424 2679 489 2741 finis
508 2682 681 2754 videbatur,
697 2679 812 2760 adipisci
830 2701 893 2760 quae
909 2677 999 2740 essent
1014 2685 1106 2760 prima

405 2762 457 2831 [in
481 2777 580 2820 natura
592 2804 604 2831 ‚
631 2779 751 2840 quaeque
776 2760 834 2839 ipsa
855 2779 907 2837 per
930 2757 988 2820 sese
1012 2781 1048 2820 ex
1069 2756 1106 2821 e·

402 2880 409 2913 ς
427 2839 541 2914 tenda‚-
560 2856 608 2897 aut
626 2842 744 2910 omnia,
766 2856 814 2898 aut
828 2841 969 2897 maxima:
994 2858 1028 2899 ea
1043 2783 1105 2900 ἔπιτε

404 2987 409 2994 ,
427 2940 527 2988 autern
538 2921 682 2989 maxima,
704 2938 765 2998 quae
786 2920 839 2976 ini
863 2916 893 2977 so
907 2921 1004 2979 animo
1019 2936 1106 3000 atque

403 3050 411 3062 .
427 3002 459 3060 in
475 2999 532 3079 ipsa
542 3001 649 3060 virture
660 2998 818 3058 versantur.
837 2938 940 3079 ftaque
952 3001 1044 3058 omni-s
1059 3000 1107 3059 illa

403 3082 544 3162 ,antiqua
561 3076 744 3170 philosophia
771 3077 904 3168 sensitin
926 3099 981 3143 una
1001 3079 1109 3143 virtue

404 3624 412 3638 1
