2709 4017
396 472 548 543 [tarn
580 482 864 544 recumbunt.
904 492 987 567 atu.

293 605 362 670 ptor
380 592 531 662 omnium,
548 587 686 667 idemque
704 633 713 660 ,
735 595 988 669 quocumque.in·1

294 672 388 742 vasit,
406 671 505 730 cunila
519 667 656 728 disturbat
671 691 704 727 ac
723 669 850 749 dissipat.
868 669 988 732 Canta-lu

293 751 343 810 ille
361 771 542 830 corporeus,
562 750 655 808 vitalis
672 749 704 808 &
721 744 864 821 salutaris,
883 756 988 813 omnia}

295 829 467 902 conservat,
486 832 557 900 alit,
571 847 675 910 auget,
691 828 824 903 sustinet,
842 830 987 912 sensuque

294 909 393 971 afficit.
416 911 512 992 Negat
533 908 682 990 ergoeffe
706 910 852 984 dubium,
877 913 988 974 norunt

295 992 405 1073 ignium
424 990 466 1051 sol
484 993 538 1049 utri
559 991 657 1048 similis
675 992 732 1062 sit,
755 1011 843 1070 quum
862 993 889 1050 io
907 1013 986 1073 quo·

296 1091 354 1151 que
374 1069 499 1143 efficiat,
515 1087 547 1128 ut
564 1073 660 1129 omnia
675 1066 819 1143 floream,
842 1071 875 1130 &
888 1074 917 1131 in
930 1071 986 1133 suo·

297 1171 421 1231 quaeque
447 1170 554 1232 genere
578 1150 744 1230 pubescant.
767 1151 877 1229 Quare'
893 1173 984 1233 quum

298 1232 365 1291 solis
383 1235 456 1310 ignis
474 1231 572 1290 similis
599 1248 702 1289 eorum
718 1233 828 1310 ignium
849 1235 889 1290 sit:
901 1261 913 1305 ,·
933 1232 988 1313 qui

298 1310 363 1370 sunt
392 1314 422 1370 in
448 1309 617 1390 corporibus
646 1312 833 1370 animantium
857 1357 867 1384 ‚
891 1312 984 1374 solem
1018 1317 1019 1320 ’

324 1411 419 1470 uoque
436 1394 609 1450 animantem
628 1389 684 1450 elle
703 1409 843 1470 oportet,
863 1393 897 1451 bt
917 1399 987 1474 qui-a

298 1413 370 1533 ieni
389 1471 497 1552 reliqua
511 1470 600 1543 astra,
617 1490 680 1550 quae
694 1475 820 1531 oriantur
832 1475 860 1530 in
878 1475 987 1535 ardore

299 1550 432 1626 coelesti,
459 1553 509 1634 qui
531 1550 642 1624 aether,
670 1551 721 1612 vel
749 1555 855 1613 coelum
883 1556 985 1614 nomi·

300 1650 392 1693 natur.
750 1668 753 1673 -

342 1734 391 1787 42.
417 1711 520 1791 Quum
541 1713 625 1793 igitur
649 1711 770 1771 aliorum
796 1714 983 1776 animantium

300 1811 381 1856 ortus
400 1796 428 1852 in
449 1811 525 1852 terra
547 1799 604 1863 sit,
622 1792 745 1853 aliorum
766 1795 796 1850 in
821 1814 837 1851 a
859 1815 895 1852 ua
917 1838 926 1865 ‚
954 1799 984 1855 in

301 1879 369 1936 aere
394 1875 516 1934 aliorum
536 1894 546 1946 3
573 1871 726 1931 absurdum
755 1870 812 1931 effe
836 1813 986 1935 itistoteli

300 1955 438 2027 videtur,
454 1957 534 2014 inea
554 1969 656 2031 parte,
673 1973 737 2034 quae
753 1954 788 2010 sit
806 1951 842 2010 ad
863 1956 985 2035 gignen-

302 2036 342 2095 da
358 2034 488 2095 animalia
505 2036 672 2172 aptissrma,
691 2028 796 2091 animal
818 2036 895 2113 gigni
918 2034 985 2093 nul·

301 2117 364 2176 lum
388 2132 500 2196 putare.
543 2114 622 2171 idera
642 2129 739 2171 autem
758 2113 914 2172 aethereum
935 2115 987 2174 lo·

302 2217 370 2257 cum
391 2198 549 2255 obtinent:
574 2195 781 2274 quiquoniam
803 2196 985 2256 tenuissimus

302 2275 363 2347 est,
384 2275 416 2336 &
433 2274 547 2354 semper
560 2277 683 2354 agitatur
702 2274 734 2332 &
752 2275 849 2354 viget;
870 2274 987 2338 neceffe

302 2356 345 2418 est
364 2402 373 2429 ‚
392 2356 472 2437 quod
492 2356 597 2415 animal
616 2357 644 2413 in
664 2374 703 2413 eo
723 2356 874 2436 gignatur,
899 2357 927 2415 id
951 2357 984 2418 δι

302 2437 383 2498 sensu
411 2439 552 2498 acerrimo
584 2435 617 2494 δι
645 2434 806 2494 mobilitate
834 2436 987 2499 celenitna

304 2516 373 2578 elle.
390 2517 492 2596 Quare
505 2536 593 2597 quum
607 2519 637 2574 in
652 2515 761 2574 aetbere
772 2513 846 2573 astra
861 2520 988 2597 gignant-¹

303 2614 369 2669 tur,
384 2597 610 2658 consentaneum
626 2593 686 2667 est,
703 2598 732 2654 in
749 2596 782 2653 iis
793 2593 990 2660 sensrnnines·

304 2678 335 2736 se
356 2679 388 2736 δι
401 2678 621 2759 intelligentiam
639 2696 646 2732 τ
665 2694 701 2734 ex
719 2697 779 2756 quo
797 2675 986 2752 efficitutsin

306 2757 429 2816 deorum
447 2777 569 2818 numero
587 2754 657 2814 astra
673 2754 731 2817 effe
745 2757 898 2817 ducendae
933 2775 965 2806 ·-·

349 2833 445 2895 XVl.
468 2836 584 2898 Etenim
599 2837 666 2896 licet
681 2837 784 2898 videre
799 2839 988 2899 acutiorain·

306 2919 394 2998 genia
412 2916 445 2975 δι
454 2917 492 2976 ad
505 2918 727 3000 intelligendum
739 2920 849 3000 aptiora
865 2936 986 2995 eorum,

305 3018 357 3079 qur
378 3013 467 3058 terras
482 2999 610 3061 incolant
625 3019 696 3076 eas,
711 3003 743 3060 in
760 3000 933 3138 quiliprft‘efr
950 3002 990 3066 ait

421 3108 423 3113 .
868 3099 888 3160 ,J
