2709 4017
377 506 545 576 Lsssn'
561 498 848 577 sucurrones
888 524 960 604 231

320 619 437 682 XXIV.
458 620 587 703 Suscepit
604 639 700 682 autem
717 625 779 682 vita
793 614 943 682 hominum
954 613 970 697 ,’

277 701 518 784 consuetudoque
545 705 732 778 communis,
760 719 791 762 ut
819 703 971 764 beneficiio.

277 783 456 843 excellentes
478 786 558 844 viros
577 787 606 843 in
626 784 733 844 coelum
754 783 831 842 sarni
854 806 887 844 ac
909 806 967 844 vo·

276 861 390 924 luntate
414 863 561 924 tollerent.
594 865 670 924 Hinc
699 863 868 939 Hercules,
898 864 968 924 hinc

278 939 383 1005 Castor
400 945 431 1005 &
451 943 576 1016 Pollux,
593 946 661 1004 hinc
674 945 854 1025 AEsculapius
867 989 881 1018 ,
899 945 971 1005 hine·

276 1020 367 1084 Liber
385 1027 492 1087 etiam:
513 1026 589 1086 hunc
609 1027 675 1090 dico
696 1025 833 1088 Liberum
847 1024 972 1086 Semele

276 1120 402 1176 natum,
424 1127 485 1166 non
510 1126 601 1177 euru,
617 1126 706 1187 quem
731 1105 821 1167 nostri
840 1104 971 1185 majores

276 1183 397 1264 auguste
414 1183 564 1266 sanaeque
583 1185 720 1248 liberum
731 1207 796 1247 cum
809 1184 918 1246 Cerere
932 1187 972 1246 &-

276 1263 388 1327 Libera
413 1265 680 1327 consecraverunt:
729 1266 791 1334 uod
809 1266 971 1345 qualesit,

277 1363 318 1404 ex
340 1341 482 1425 mysteriis
502 1345 625 1426 intelligi
638 1286 743 1425 poull.
764 1345 822 1406 Sed
838 1345 919 1426 quod
930 1354 971 1413 et

275 1425 366 1486 nobis
391 1441 475 1485 natos
499 1425 607 1485 liberos
627 1425 835 1506 appellamus,
855 1426 970 1485 idci't'co

277 1503 394 1567 Cerere
410 1506 472 1565 nati
490 1507 630 1567 nominati
649 1505 714 1564 sunt
731 1506 861 1576 Liber&
878 1505 969 1567 Libe-

277 1606 330 1645 ra:
352 1586 433 1666 quod
458 1588 488 1646 in
507 1585 615 1645 Libero
640 1586 775 1659 servant,
806 1588 836 1646 in
861 1587 970 1648 Libera

278 1686 341 1727 nou
365 1669 446 1726 item.
477 1665 555 1726 Hinc
573 1668 660 1726 etiarn
680 1665 852 1739 Romulus,
877 1683 969 1749 queue¹

278 1746 398 1828 quidem
416 1747 555 1809 eumdem
574 1745 630 1807 elle
656 1746 813 1826 Quirinum
840 1766 968 1827 purant,

279 1848 404 1908 quorum
428 1849 517 1909 quum
536 1846 720 1888 remanerent
743 1830 858 1900 animi,
880 1848 971 1908 atque.

278 1910 439 1969 aeternitate
451 1908 632 1980 fruerentur,
650 1907 688 1967 dii
706 1909 760 1968 rite
778 1907 840 1967 sunt
859 1907 970 1968 habiti:

279 2009 372 2070 quum
384 1988 415 2048 δι
432 1990 536 2069 optimi
555 1986 665 2060 essent,
688 1989 720 2048 &
736 1990 844 2048 aeterni.
904 2038 907 2044 .
969 2050 972 2055 ,

322 2067 373 2146 63.
392 2068 460 2128 Alia
472 2089 589 2150 qunque
600 2089 637 2128 ex
651 2071 787 2143 ratione,
805 2069 836 2128 ἃ
848 2069 971 2148 quidens

279 2148 424 2231 physica,
444 2170 550 2232 magna
566 2151 646 2210 fluxit
657 2150 813 2210 multitudo
824 2149 945 2209 deorum
957 2170 970 2225 ξ

301 2233 331 2290 ui
351 2230 445 2291 induri
470 2231 565 2311 specie
589 2230 715 2290 humani
742 2231 852 2291 fabulas
872 2233 972 2312 poetis

278 2251 558 2392 suppeditaverunt,
575 2312 728 2372 homiuum
756 2329 854 2372 autern
873 2315 969 2373 vitans

277 2389 477 2472 superstitione
498 2392 584 2452 oanni
597 2391 783 2453 referserunt.
801 2393 901 2472 Atque
919 2394 970 2452 hio
1070 2410 1072 2415 ’

277 2471 361 2532 locus
381 2473 534 2548 aZunone
552 2472 709 2545 uastatos,
729 2472 793 2552 post
816 2495 832 2532 a
854 2471 968 2534 Clean·

277 2552 353 2626 the,
373 2551 589 2634 &Chrysippo
608 2598 620 2625 ,
649 2554 777 2634 plurilaus
794 2555 891 2613 verbis
910 2575 967 2615 eu-

277 2633 402 2714 plicatua
420 2636 469 2694 et.
489 2633 566 2694 Nam
582 2653 668 2695 vetus
689 2633 749 2695 haec
764 2635 864 2714 opinio
882 2633 966 2695 Grae·

278 2716 358 2774 ciam
383 2714 537 2795 opplevit,
561 2713 704 2775 exseslum
729 2713 849 2776 Coelurn
868 2738 884 2775 a
904 2714 970 2775 silio

278 2793 425 2868 Saturno,
444 2795 571 2856 vinslutn
587 2812 682 2856 autem
704 2793 857 2858 Saturnum
873 2794 965 2875 ipsum
1077 2863 1079 2867 .

277 2895 296 2935 a
316 2873 377 2936 filio
396 2875 485 2938 Jovess
502 2875 626 2956 Physica
644 2879 717 2938 ratio
738 2899 799 2940 uon
816 2876 970 3012 inelepan's
1006 2887 1011 2893 ·

277 2956 385 3016 inclusa
410 2956 452 3016 est
477 2959 506 3015 in
531 2959 632 3037 impias
654 2957 783 3017 fabulas:
817 2955 891 3017 coele
917 2972 969 3011 em·

278 3038 381 3114 enim,
404 3037 570 3118 altissimam
583 3038 795 3120 aethereamque
812 3053 969 3108 naturam,
