2709 4017
429 528 580 597 Lraan
611 543 845 598 renatus,
898 547 972 622 293

288 663 351 705 non
368 645 447 704 enim
466 643 653 704 mediocriter
669 663 797 705 moveor
810 639 977 701 auderitate

288 725 360 798 tud,
377 722 491 796 Balbe,
512 727 702 805 orationeque
720 726 779 798 ei,
799 743 862 803 quae
881 723 977 781 mein

288 803 457 885 perorando
472 805 699 878 cohortabatur,
720 820 752 863 ut
769 798 978 875 meminissem,

288 904 339 946 me
352 886 384 945 dt
398 882 519 946 Cottam
536 883 614 958 esse,
637 885 668 945 δι
685 882 874 964 pontificem:
895 882 974 964 quod

289 966 350 1038 eb,
369 964 480 1038 credo,
501 966 639 1038 valebat,
660 981 693 1024 ut
714 966 885 1046 opiniones,
906 984 978 1044 quas

290 1067 308 1105 a
327 1043 485 1126 majoribus
503 1050 666 1126 accepimus
683 1045 721 1107 de
742 1046 794 1105 diis
808 1045 980 1104 immortali·

289 1125 366 1198 bus,
398 1125 503 1201 sacra,
534 1128 720 1188 ceremonias
739 1171 750 1199 ,
771 1123 979 1263 religionesque

291 1204 492 1267 defenderem.
510 1205 591 1288 ligo
626 1207 699 1266 verb
737 1226 785 1266 eas
841 1204 977 1264 efendam

291 1284 427 1367 semper,
443 1286 614 1368 semperque
637 1285 772 1346 defendi:
794 1305 848 1345 nec
870 1305 917 1343 me
941 1306 978 1346 ert

292 1385 329 1426 ea
347 1370 515 1449 opinione,
538 1389 625 1449 quam
655 1389 671 1426 a
697 1364 854 1444 majoribus
878 1368 978 1444 accepi

255 1501 260 1510 .
290 1446 332 1508 de
344 1449 561 1522 cultu-deorum
571 1448 777 1507 immortalium
792 1490 801 1519 ,
821 1446 904 1506 ullius
915 1466 981 1505 um·

292 1546 380 1607 quam
397 1530 490 1588 oratio
508 1518 557 1588 alut
576 1527 652 1589 dotti
679 1545 726 1586 aut
742 1525 851 1587 indosli
872 1546 980 1587 move-

292 1608 346 1668 bit.
373 1606 434 1671 Sed
450 1628 539 1690 quum
567 1610 604 1670 de
626 1609 767 1691 religione
792 1610 906 1747 aqitur,
930 1604 981 1667 Ti.

293 1686 531 1762 Coruncanium,
548 1687 581 1750 P.
600 1688 789 1770 Scipionem,
834 1731 843 1748 .
860 1685 982 1748 Scaevo·

292 1768 373 1841 lani,
427 1768 538 1831 ntifices
547 1774 707 1842 maximos,
733 1790 793 1829 non
809 1768 979 1842 Zenonem,

267 1922 269 1925 Ι
294 1867 344 1910 aut
395 1852 552 1922 eanthem,
573 1868 620 1911 aut
638 1849 838 1929 Chrysippum
858 1847 982 1928 sequor:

293 1930 450 2011 habeoque
468 1929 505 1992 C.
523 1931 641 1991 Laelium
660 1949 815 2012 augurem,
827 1928 982 1988 eumdem-

294 2029 353 2094 que
372 2006 530 2091 sapientem
551 2057 561 2086 ,
589 2031 677 2094 quem
695 2011 790 2091 potilrs
809 2008 922 2085 audiam
942 2009 980 2069 de

294 2090 435 2174 religione
449 2092 593 2155 dicentem
609 2095 637 2151 in
655 2091 703 2152 illa
720 2093 853 2151 oratione
863 2088 981 2162 nobili,

294 2171 382 2256 quam
400 2189 574 2255 quemquam
593 2176 755 2255 principem
775 2171 950 2233 Stoicorum.
971 2203 975 2210 ·

323 2252 367 2322 [6.
388 2253 549 2336 Quumque
564 2258 659 2315 omnis
675 2277 716 2337 po
739 2255 778 2333 uli
791 2253 918 2313 Romani
934 2273 983 2312 re·

295 2333 366 2415 ligio
390 2336 420 2393 in
442 2333 548 2409 sacra,
577 2337 608 2396 ὃ(
629 2339 658 2396 in
674 2276 796 2416 suipicia
816 2333 904 2395 divisa
924 2337 983 2407 sit;

296 2417 412 2474 tertium
423 2415 589 2495 adjunllum
605 2419 660 2491 sit,
672 2420 695 2476 si
711 2417 778 2498 quid
792 2416 984 2496 praedidlionis

296 2493 401 2566 causi,
422 2514 458 2554 ex
480 2500 620 2577 portentis
642 2495 844 2567 &·monstris,
863 2495 982 2576 Sibyllae

296 2575 490 2655 interpretes,
511 2576 688 2658 aruspicesve
705 2590 879 2637 monuerunt
895 2597 905 2650 3
927 2576 984 2635 ha-

293 2674 362 2714 rum
375 2674 431 2736 ego
446 2657 617 2740 religionum
636 2658 743 2718 nullam
759 2676 894 2737 umquam
910 2677 984 2715 con·

292 2736 485 2797 temnendam
507 2741 626 2820 putavi;
647 2738 772 2819 mihique
792 2739 830 2796 ita
843 2733 984 2816 persuasi,

297 2815 457 2877 Romulum
474 2819 623 2900 auspiciis,
642 2818 767 2882 Numam
783 2817 867 2877 sacris
878 2813 985 2875 conili-

297 2900 385 2972 tutis,
405 2897 592 2961 fundamenta
612 2897 706 2976 jecisse
726 2898 828 2959 nostrae
843 2898 982 2955 civitatis:

297 2978 362 3058 quae
376 2997 532 3060 numquam
545 2979 677 3061 prosedlb
694 2981 755 3042 sine
766 2971 875 3039 summa
907 2975 986 3036 laca-

297 3061 378 3122 tione
395 3059 519 3130 deorum
536 3061 743 3124 immortalium
763 3076 874 3121 tantae
897 3076 914 3119 e
928 3077 984 3140 po-

804 3137 834 3202 N
852 3135 881 3219 uj
