2709 4017
295 471 299 477 ’
381 484 459 546 ¹200
494 472 561 541 Da
584 488 755 541 NATURA
779 487 989 558 nannoni,

378 605 477 651 menta
497 586 576 647 delet
597 585 683 657 dies3
703 601 809 645 naturae
829 582 934 664 judicia
954 584 1064 647 confir·

378 685 449 728 mat.
472 665 573 748 Itaque
595 667 627 725 &
645 666 675 723 in
697 665 795 726 nostro
815 665 956 746 populo,
979 666 1012 725 δι
1034 668 1063 724 in

378 747 511 819 ceteris,
545 746 668 806 deorum
702 744 792 804 cultus
830 746 1063 826 religionumque

377 824 537 886 sanstitates
554 825 689 886 exsistunt
701 827 730 884 in
748 825 809 886 dies
827 823 954 906 majores
977 841 1064 906 atque

380 905 528 965 meliores.

421 984 451 1044 6.
475 983 566 1065 quue
586 985 684 1044 evenit
701 1005 762 1042 non
779 984 912 1056 temere,
932 1003 989 1044 nec
1013 1004 1065 1043 ca-

380 1062 431 1138 su,
450 1063 498 1123 sed
516 1064 595 1146 quod
612 1064 789 1144 praesentiam
803 1062 882 1142 -saepe
904 1063 963 1122 divi
986 1062 1064 1122 suam

381 1143 551 1217 declarant;
569 1160 600 1202 ut
617 1143 738 1222 &apud
757 1141 901 1222 Regillum
916 1142 996 1202 bello
1010 1142 1066 1202 La-

381 1225 530 1296 tinorum,
561 1244 629 1281 uum
638 1221 675 1282 A.
691 1220 850 1280 Postumius
866 1221 987 1280 dictator
1000 1243 1065 1281 cum

382 1301 513 1367 Octavio
531 1245 663 1362 saamilio
682 1301 844 1361 Tusculano
860 1303 963 1381 proelio
980 1301 1066 1360 dimi·

384 1400 484 1458 caret,
503 1387 533 1443 in
552 1383 647 1443 nostra
665 1385 726 1442 acie
743 1379 846 1440 Castor
863 1382 895 1440 &
911 1379 1013 1439 Pollux
1031 1402 1066 1440 ex

384 1467 467 1544 equis
492 1483 620 1544 pugnare
646 1465 699 1522 visi
725 1460 816 1532 sunt3
844 1461 876 1519 &
905 1463 1067 1519 recentiore

383 1543 528 1604 memoria
542 1541 630 1601 iidem
644 1539 823 1619 Tyndaridae
841 1538 946 1599 Persen
960 1539 1068 1599 vicium

384 1624 616 1680 nuntiaverunt:
641 1618 675 1678 P.
703 1621 780 1678 enim
806 1619 975 1691 Votienus,
998 1641 1068 1678 avus

304 1742 307 1746 ›
383 1697 469 1775 hujus
495 1697 713 1771 adolescentis,
743 1718 831 1777 quum
855 1718 871 1757 e
900 1697 1068 1779 praefesiura

385 1778 511 1841 Reatina
535 1779 662 1839 Romam
686 1780 817 1838 venienti
835 1778 922 1837 noctu
941 1779 1000 1836 duo
1021 1776 1069 1857 ju·

387 1880 481 1920 venes
503 1880 569 1919 cum
588 1861 667 1941 equis
688 1858 758 1918 albis
780 1855 934 1928 dixissent,
955 1857 1071 1937 Regem

388 1939 495 2002 Persen
511 1940 561 2000 illo
573 1940 620 2000 die
633 1956 768 2019 captum,
781 1938 889 1997 senatui
906 1939 1071 2010 nuntiavit,

389 2021 423 2080 &
440 2021 557 2101 primo,
577 2021 657 2100 quasi
673 2017 782 2077 temere
803 2018 840 2075 de
858 2017 1003 2094 republica
1023 2018 1073 2076 lo·

389 2118 493 2171 cutus,
513 2101 543 2158 in
563 2117 708 2157 carcerem
730 2094 876 2172 conjesius
897 2094 959 2164 est3
986 2097 1074 2173 post,

389 2202 408 2239 a
428 2179 516 2236 Paulo
537 2178 636 2237 litteris
655 2177 772 2245 alsatis,
796 2193 884 2253 quum
907 2173 984 2230 idem
1010 2177 1074 2237 dies

388 2253 571 2327 constitisset,
592 2256 624 2313 &
641 2276 657 2312 a
678 2275 710 2311 ro
727 2275 742 2310 a
757 2252 875 2324 senatu,
891 2251 922 2309 &
937 2258 1074 2316 vacatio-

388 2357 427 2397 ne
446 2334 570 2393 donatus
586 2333 636 2393 est.
654 2275 751 2412 {tque
763 2335 848 2392 etiam
860 2353 948 2412 quum
965 2335 1002 2391 ad
1020 2338 1075 2395 slu-

390 2417 470 2479 vium
494 2413 612 2494 Sagram
634 2411 819 2472 Crotoniatas
838 2412 924 2472 Locri
943 2417 1074 2477 maximo
1096 2442 1100 2447 ·

389 2493 495 2577 proelio
514 2491 709 2566 devicissent,
733 2513 770 2553 eo
789 2491 850 2570 ipso
876 2494 922 2552 die
945 2495 1074 2554 auditam

391 2571 448 2636 esse
463 2594 526 2634 eant
540 2595 665 2654 pugnam
683 2573 754 2632 ludis
771 2573 812 2634 Os
837 2576 922 2654 mpiae
934 2617 943 2644 ‚
957 2594 1075 2633 memo·

390 2657 439 2716 riae
456 2654 604 2734 proditum
623 2653 673 2713 est.
699 2653 782 2734 Saepe
823 2674 962 2713 annorum
982 2674 1075 2714 voces

312 2801 318 2810 ⁴
393 2732 562 2805 exauditae,
589 2735 662 2813 saepe
691 2733 756 2792 visae
784 2733 886 2794 formae
919 2733 1075 2807 deorum,

393 2815 523 2897 quemvis
543 2835 603 2872 non
622 2831 669 2872 aut
685 2814 844 2884 hebetem,
867 2829 913 2873 aut
932 2814 1075 2892 impium,

396 2898 469 2959 deos
508 2892 638 2955 raesentes
656 2890 711 2952 esse
726 2892 855 2954 confiteri
873 2897 1043 2972 coegerunt.

397 3017 401 3023 -
437 2915 506 3040 Hp
522 2970 721 3036 Praedisiiones
735 2974 806 3036 verb
825 2974 854 3034 &
870 2971 1076 3056 praesensiones
