2709 4017
409 486 467 530 sn
495 468 819 532 Connmatinns
894 482 958 551 ‚541

313 570 376 622 Ibid.
398 585 441 635 29.
464 571 540 644 Qudm
557 574 589 636 est
603 588 714 622 mortuus.
730 569 813 639 vulgo
831 569 894 636 effes.
910 571 958 621 Re·

279 642 321 706 gio
338 645 417 694 codici
437 646 463 695 &
479 646 613 695 Davisianis
627 646 786 710 obsequimur.
841 667 848 684 1
940 642 957 689 ι’·

314 731 332 776 4
337 731 349 778 5
361 749 369 774 ‚
385 731 426 777 14.
443 718 484 765 Ad
496 716 670 784 dispiciendum.
685 719 722 766 lta
736 718 816 783 regius
830 718 854 766 ἃ
864 714 903 765 aiii
916 731 961 765 co·

278 787 362 845 dices,
373 788 456 837 melitis
471 789 542 854 'quim
557 789 581 837 in
597 789 718 854 vulgatis,
730 791 762 835 ad
777 786 959 854 adspiciendum.

314 859 350 920 46
362 891 370 917 ,
384 875 425 920 15·
445 859 546 909 Tantim
561 861 621 909 enim
633 878 681 910 non
687 876 711 909 te
724 861 792 909 modd
809 862 907 909 monuit.
921 861 961 924 lta

280 946 296 980 e
315 933 399 981 codice
415 931 495 982 nostro
509 935 534 983 ἃ
555 933 690 982 Davisianis
704 932 831 990 dedimus,
850 932 940 999 uulgati
949 963 959 990 ‚
1049 958 1051 961 ·

276 1003 368 1052 tumim
378 1005 438 1051 enim
449 1018 472 1052 te
484 1021 532 1052 non
541 1007 638 1053 monuit.
700 1009 703 1014 '
875 1053 879 1059 ,
942 1010 945 1014 ’

267 1081 270 1085 ’
313 1075 376 1122 lbid.
396 1091 438 1124 22.
451 1073 507 1124 Hoc
517 1072 590 1140 quaeso
604 1083 669 1125 tave.
681 1077 709 1126 ln
719 1077 823 1143 vulgatis
839 1075 958 1146 omittitur

276 1163 326 1197 vox
338 1164 393 1195 care
405 1181 412 1204 ‚
425 1164 494 1212 quain
504 1148 582 1196 servat
591 1149 672 1214 regius
686 1180 693 1205 ,
715 1150 820 1199 &esuis
831 1148 880 1198 mis.
890 1148 958 1198 resti·

278 1219 326 1268 tuit
336 1219 458 1269 Davisius.
502 1229 504 1233 ’
908 1240 920 1278 ᾗ

314 1305 367 1352 47,
389 1308 412 1350 ς.
423 1288 578 1358 Responderi.
590 1289 673 1358 Vulgd
684 1287 831 1357 respondere.
844 1291 958 1342 Correxit

277 1361 395 1414 eduobus
404 1364 452 1412 mis.
467 1365 579 1413 Davisius
590 1373 598 1418 3
611 1366 637 1414 δι
650 1365 685 1414 sic
697 1380 793 1430 quoque
805 1365 895 1429 regius.

248 1444 250 1448 '
314 1449 349 1497 49
367 1468 374 1492 ,
396 1449 421 1497 9.
433 1434 504 1484 Hanc
515 1437 688 1484 conclusionem
700 1471 707 1483 .
717 1469 741 1485 ..
755 1436 882 1503 probabat.
893 1435 958 1487 Vul-

277 1503 411 1572 gdprobat.
419 1508 645 1559 MutavitDavisius
655 1525 669 1558 e
681 1508 726 1559 suis
737 1507 782 1558 mu
795 1508 959 1575 quibusacce·

269 1574 313 1627 ¹dit
327 1581 352 1628 ὃ(
364 1580 453 1646 regius.

315 1651 377 1700 lbid.
392 1666 434 1714 29.
452 1653 552 1718 anue,
573 1670 622 1719 qnae
632 1654 724 1721 percipi
738 1671 785 1703 non
801 1644 903 1721 poffunt.
921 1652 959 1701 lta

279 1722 414 1772 constanter
435 1727 542 1774 codices.
568 1728 669 1792 Vulgati
689 1725 960 1791 omittunt'particulam

277 1809 415 1860 negantem.
428 1796 569 1846 Addidimus
581 1814 634 1846 cuni
643 1799 765 1855 Davisio‚
780 1814 810 1846 ex
820 1797 959 1858 conietiura

278 1867 411 1916 certissima
424 1868 531 1917 Lambini
542 1902 550 1925 ‚
561 1886 637 1918 voces
647 1870 676 1918 iis
688 1887 737 1935 qua
743 1868 853 1935 poffunt,
865 1867 959 1919 omisas

277 1956 292 1988 a
302 1940 417 1997 librariis,
429 1943 460 1988 ob
468 1942 567 1990 verbum
575 1939 669 2006 poffunt
678 1941 713 1989 bis
725 1942 837 2004 positum.
915 1947 917 1953 '
943 1952 945 1957 “

267 2006 270 2011 ’
314 2012 376 2060 Ibid.
389 2025 431 2075 31.
445 2012 480 2062 Ut
492 2013 688 2078 tampraecipitem
698 2013 817 2062 inlocum.
830 2013 865 2061 Ita
876 2011 958 2078 regius

276 2084 356 2132 codex
366 2085 391 2134 δι
401 2083 494 2134 Davisii
510 2085 650 2134 Baliolensis
662 2116 670 2141 ‚
686 2097 712 2133 ut
729 2085 807 2134 voluit
818 2084 957 2136 Lambinus·

276 2153 361 2222 Vulgo
376 2171 403 2204 ut
417 2171 493 2205 tamen
507 2157 531 2205 in
543 2156 686 2222 pracipitem
700 2156 785 2206 locum.

316 2243 350 2288 50
361 2260 369 2285 ‚
388 2242 428 2290 19.
455 2228 568 2298 Quisnam
579 2228 639 2278 enim
649 2229 690 2290 istc
699 2229 757 2278 dies.
771 2229 799 2278 ln
808 2228 876 2294 regio
888 2227 958 2277 codi-

276 2316 306 2351 ce
319 2333 327 2358 ‚
346 2312 373 2349 ut
383 2301 407 2350 in
419 2299 572 2350 Gruteriauis
583 2301 755 2352 &Davisiauis
771 2303 876 2366 pluribus
890 2317 959 2351 men-

276 2371 337 2422 dosd
347 2372 461 2423 scribitur
468 2370 603 2439 quisquam,
613 2373 677 2422 unde
687 2375 811 2440 vulgatum
822 2407 830 2432 ,
842 2373 891 2438 quis
901 2407 909 2431 ‚
921 2374 958 2423 in·

276 2462 353 2512 quam.
367 2446 442 2494 Iidem
453 2445 550 2496 codices
560 2446 621 2496 infra
632 2445 737 2495 scribunt
743 2444 903 2512 negitavisset,
913 2460 959 2509 pro

276 2517 395 2583 vulgato,
410 2515 544 2583 negaviffct.

316 2602 345 2649 51
361 2601 414 2649 ‚¹4.
425 2587 513 2652 Feciffe
522 2589 635 2638 dicerent.
647 2589 684 2637 lta
692 2588 774 2654 regius
784 2588 863 2638 codex
875 2621 882 2646 ,
904 2600 931 2638 ut
939 2604 957 2639 e

275 2660 370 2710 duobus
385 2660 430 2709 suis
448 2660 513 2708 dedit
528 2661 657 2719 Davisius,
676 2661 714 2709 cui
724 2661 850 2724 praeiverat
862 2655 958 2709 Lambi-

275 2749 330 2783 nus.
352 2730 418 2782 Prius
428 2733 544 2782 edebatur
548 2731 658 2797 facerent
667 2734 733 2782 nullo
745 2733 820 2783 sensu.
832 2733 897 2781 Idem
906 2732 957 2780 Da·

274 2805 348 2854 visius
357 2805 417 2854 insti
428 2820 472 2868 pro
479 2800 576 2871 speram
584 2805 654 2854 etiam
662 2817 672 2862 ⁴,
684 2804 750 2855 dedit
760 2814 790 2854 'ex
801 2802 956 2869 conjeiiura,

276 2891 347 2944 quam
357 2876 478 2942 sequimur
489 2909 496 2934 ‚
504 2873 600 2943 speram
609 2876 678 2926 ειιίηι.

315 2948 377 2997 ibid.
391 2963 432 2997 12.
445 2947 495 3020 Qui
508 2949 554 2998 nisi
561 2945 605 3014 sub
613 2948 682 2998 nube.
694 2949 738 2999 Est
748 2949 818 2998 hoca
829 2944 957 3001 Lambiuo.

276 3018 386 3073 codices
405 3021 511 3071 scribunt
528 3021 567 3088 qui
579 3018 624 3086 sub
640 3021 728 3079 nubas,
750 3021 814 3073 unde
831 3020 855 3074 J·
874 3017 955 3075 Cleri·

275 3107 321 3161 pus
338 3092 364 3147 δι
381 3092 494 3148 Davisius
511 3094 609 3149 mallent
627 3093 667 3164 qui
685 3094 735 3149 sine
753 3091 823 3148 nube·
874 3109 875 3112 ’
