2709 4017
434 524 510 618 364
564 523 631 592 De
667 522 996 605 ntrtnnrton‘n,

429 656 461 697 re
482 637 564 697 iones
584 637 687 696 direxit
708 636 901 717 tum‚.qui1m
925 634 1028 699 urbem
1044 656 1124 698 con·

429 656 517 774 didit:
540 719 589 797 qui
610 716 728 797 quidem
747 716 867 776 Romuii
885 717 969 780 lituus
985 717 1044 800 (id
1056 717 1122 790 est·,

428 797 578 855 incurvum
604 798 637 858 &
660 798 764 857 leviter
792 819 809 856 a
837 795 949 860 summo
979 799 1123 860 inflexum

428 875 584 950 bacillum,
602 877 683 959 quod
698 877 734 936 ab
747 874 900 955 ejusiitui,
920 899 980 962 quo
991 881 1124 952 canitur,

429 957 637 1031 similitudine,
657 976 768 1017 nomen
785 956 921 1040 invenit)
940 980 1031 1040 quum
1051 961 1122 1019 situs

429 1032 500 1097 'effen
522 1039 551 1097 in
567 1039 643 1097 curia
659 1037 827 1107 Saliorum,
846 1058 909 1119 quze
929 1039 1017 1099 estin
1038 1039 1124 1100 Pala·

428 1118 504 1190 tio,
532 1122 624 1200 eaque
652 1115 894 1200 deflagraviffet,
922 1120 1059 1181 inventus
1080 1117 1123 1181 est

431 1199 557 1278 integer.

468 1294 523 1371 βπ.
544 1276 628 1358 Quid
639 1277 736 1338 multis
758 1279 837 1337 annis
855 1275 920 1359 post
937 1277 1122 1354 Romulum,

429 1355 524 1418 Prisco
540 1377 680 1440 regnante
696 1357 880 1438 Tarquinio?
899 1363 961 1440 quis
984 1377 1124 1419 veterum

432 1435 601 1519 scriptorum
615 1461 675 1499 non
688 1439 836 1519 loquitur,
857 1460 919 1520 quae
934 1442 969 1499 sit
982 1440 1018 1498 ab
1032 1439 1122 1501 Attio

433 1516 532 1579 Navio
556 1540 608 1599 per
628 1521 729 1578 lituum
753 1522 905 1601 regionum
922 1518 997 1579 faida
1016 1518 1124 1581 deseri·

428 1598 521 1680 'ptio.>
538 1602 587 1678 qui
598 1619 688 1679 quum
701 1617 822 1679 propter
840 1617 1040 1679 paupertatem
1059 1599 1123 1661 sues

433 1697 507 1759 puer
520 1679 669 1758 pasceret,
689 1680 745 1738 und
761 1699 799 1739 ex
812 1679 856 1739 bis
870 1679 990 1754 amissi,
1009 1679 1124 1742 voviffe

434 1758 559 1834 dicitur,
578 1763 602 1819 si
614 1757 824 1840 recuperaiset‚
844 1781 933 1820 uvam
949 1760 977 1821 se
995 1761 1056 1822 den
1067 1762 1123 1821 da·

434 1857 551 1913 turum,
573 1863 637 1922 quae
654 1841 779 1901 maxima
798 1838 867 1901 effet
883 1845 913 1900 in
928 1843 1039 1902 vinea:
1066 1844 1126 1902 ita·

437 1941 494 2002 que
513 1920 560 1980 sue
574 1923 713 1995 inventi,
730 1920 767 1981 ad
779 1921 930 1982 meridiem
949 1920 1079 2002 spedans
1092 1925 1124 1982 in

435 2003 524 2062 vinea
539 2003 635 2063 media
652 2005 753 2063 dicitnr
769 2000 920 2063 constitisse
937 2023 948 2074 ;
974 2012 1123 2084 quumque

437 2085 468 2142 in
487 2101 609 2163 quatuor
623 2103 719 2164 partes
738 2083 855 2145 vineam
875 2079 1032 2157 divisisset,
1052 2083 1126 2144 tres·

438 2182 496 2243 que
514 2180 609 2244 partes
626 2183 695 2224 aves
711 2160 1125 2244 abdixiffent,quattd.patte‚

438 2262 503 2323 quae
516 2259 576 2302 erat
594 2246 725 2322 reliqua,
747 2247 776 2303 in
798 2247 932 2324 regiones
957 2244 1125 2318 distributi,

439 2323 561 2390 mirabili
582 2323 780 2405 magnitudine
800 2346 908 2396 uvam,
932 2341 974 2385 un
987 2323 1124 2405 scriptum

439 2401 592 2477 videmus,
605 2405 727 2468 invenit.
735 2401 807 2483 Qu'd
817 2426 849 2467 te
858 2404 1021 2479 michtam,
1034 2426 1123 2486 quum

439 2483 529 2544 vicini
544 2505 648 2546 omnes
665 2485 704 2546 ad
716 2502 787 2547 eum·
800 2485 843 2547 de.
853 2486 939 2546 nebus
952 2484 1011 2547 iuis
1023 2485 1125 2559 nefer-

440 2579 525 2637 rent‚
547 2569 778 2649 erat'inmagno
792 2569 917 2629 nomine
924 2566 1069 2647 (ingloria.

434 2698 437 2705 .
485 2661 542 2723 32.-
555 2644 599 2706 Ex
615 2668 675 2728 quo
695 2647 800 2706 fadum
817 2645 883 2720 est,
903 2663 935 2706 ut
952 2645 1124 2709 eumadse

440 2743 492 2785 rex
503 2723 608 2787 Priscus
619 2724 780 2788 arcesseret.
793 2724 885 2806 Cujus
898 2748 988 2808 quum
999 2744 1126 2788 tentaret

439 2803 589 2866 scientiam
611 2805 783 2888 augurattis,
803 2808 874 2869 dixit
896 2811 922 2867 ei
943 2806 975 2870 se
985 2809 1125 2890 ,cogitare

433 2886 578 2967 :quiddam
588 2909 598 2960 ;
610 2886 640 2946 id
650 2884 781 2968 poffetne
793 2886 853 2949 fieri
865 2932 875 2961 ,
888 2888 1038 2948 consuluit.
1051 2887 1125 2961 lile,

441 2970 560 3048 augurio
576 2968 640 3028 adio
658 2964 760 3048 ,posse
778 2968 934 3048 respondit.
950 2966 1126 3048 Tarquinius

441 3065 539 3108 autem
556 3046 626 3110 dixit
643 3045 671 3109 se
688 3046 844 3132 cogitaffe,
860 3066 957 3112 cotem
968 3051 1125 3119 :novt'cuii
