2709 4017
468 471 625 540 Ltnan
656 489 868 543 amitus.
928 493 1005 568 397

321 586 408 668 signis
433 574 573 645 admoniti
590 585 684 644 sutura
706 585 860 646 dicebant:
880 595 1004 668 quorum

320 667 360 726 de
388 665 480 725 altero
507 669 594 724 etiam
614 667 691 745 apud
722 663 828 727 inseros'
856 668 1005 728 Homerus

287 770 289 773 ·
318 748 360 805 ait
375 791 384 817 ,
402 745 493 804 solum
507 746 625 825 sapere,
640 766 754 806 ceteros
771 748 935 806 umbrarum
950 770 1006 806 va·

318 828 381 907 gari
397 826 498 886 modo.
521 828 728 906 Amphiaraum
742 846 839 888 autem
857 831 895 886 sic
907 830 1005 888 hono·

316 906 393 964 ravit
415 905 490 965 sama
511 905 630 966 Graeciae
644 907 660 977 ‘,
687 907 757 967 deus
780 929 810 967 ut
830 908 1005 980 haberetur,

316 1003 406 1066 atque
420 1007 452 1046 ut
464 987 500 1045 ab
515 986 576 1064 ejus
588 986 650 1047 solo
662 1033 673 1061 ‚
685 992 714 1047 in
728 1010 788 1069 quo
802 987 841 1049 est
853 990 1002 1062 humatus,

317 1067 432 1126 oracula
471 1085 626 1126 ererentur.

360 1146 409 1223 89.
467 1148 515 1205 uid
528 1148 605 1207 Asiae
622 1167 672 1206 tex
692 1146 835 1219 Priamus,
856 1149 1002 1209 nonne&

317 1225 466 1286 Helenum
485 1225 597 1298 filium,
614 1228 646 1286 &
660 1226 844 1287 Cassandram
857 1227 945 1288 liliam
958 1229 1003 1288 di·

314 1309 449 1367 vinantes
464 1308 609 1379 habebat,
629 1307 750 1367 alterum
770 1312 891 1389 auguriis
901 1353 919 1380 ,,
932 1309 1005 1368 alre·

314 1407 379 1447 ram
394 1391 499 1447 mentis
513 1389 679 1447 incitatione
695 1391 725 1448 &
748 1392 932 1466 permotione
954 1389 1002 1447 di-

314 1467 416 1527 vini?
448 1489 508 1548 quo
528 1471 558 1527 in
584 1488 690 1548 genere
712 1468 840 1528 Marcios
861 1468 1001 1548 quosdam

314 1545 439 1620 fratres,
457 1550 548 1608 nobili
566 1548 632 1607 loco
653 1566 757 1621 natos,
782 1548 858 1629 apud
875 1547 1001 1625 majores
1089 1553 1095 1560 '

315 1625 430 1686 noslros
445 1627 533 1708 ‘fuisse
560 1628 692 1708 scriptum
714 1629 860 1689 videmus.
890 1627 1000 1707 Quid?

313 1706 473 1787 Polyidum
494 1707 677 1769 Corinthium
697 1755 711 1784 ‚
736 1731 834 1770 nonne
854 1709 1002 1770 Homerus

314 1787 425 1847 &aliis
443 1790 555 1861 multa,
575 1789 606 1848 ὃ(
627 1787 688 1847 lilio
700 1791 748 1847 -ad
765 1789 888 1866 Troiam
908 1787 1001 1871 profi·

313 1866 453 1938 ciscenti,
475 1887 601 1929 mortem
628 1868 785 1948 praedixisse
813 1890 1000 1929 commemo·

312 1948 383 2008 rat?
410 1947 543 2009 Omnino
572 1948 649 2027 apud
668 1967 786 2010 veteres
799 1994 815 2023 ,
831 1951 879 2028 qui
903 1969 998 2010 rerunt

312 2029 521 2109 potiebantur,
543 2029 635 2088 iidem
655 2033 771 2110 auguria
788 2029 943 2089 tenebant:
967 2046 1001 2090 ut

311 2112 392 2169 enim
406 2108 504 2190 sapere
515 2155 524 2183 ‚
537 2111 577 2168 sic
587 2109 716 2168 divinare
726 2110 821 2192 regale
836 2109 999 2184 ducebant,

311 2205 345 2249 ut
366 2187 443 2249 testis
464 2189 503 2250 ell
521 2187 616 2250 nostra
635 2191 735 2249 civitas
754 2211 764 2263 3
786 2193 892 2270 inqua
906 2191 937 2250 ὃ(
950 2211 999 2253 rer

334 2287 384 2341 es,
414 2290 554 2352 augures,
583 2271 615 2329 &
637 2267 737 2352 postea
759 2272 865 2351 privati
889 2271 998 2333 eodem

309 2289 470 2432 sacerdotio
482 2351 592 2430 praediti
603 2351 810 2432 rempublicam
824 2352 998 2434 religionum

310 2427 479 2490 austeritate
491 2447 637 2492 rexerunt.

352 2508 433 2570 XLI.
447 2507 553 2591 'anue
578 2510 788 2572 divinationum
811 2513 883 2573 ratio
911 2513 998 2572 neira

310 2589 440 2650 barbaris
468 2592 590 2671 qru'dem.
614 2592 746 2671 gentibus
773 2611 811 2651 ne
832 2591 903 2654 lecta
931 2590 996 2653 est:
1072 2615 1073 2619 ¹

310 2671 335 2729 si
352 2671 470 2750 quidem
481 2672 512 2731 δι
523 2674 552 2729 in
563 2669 662 2733 Gallia
671 2669 795 2731 Druidae
804 2613 867 2733 liant
878 2719 887 2747 ‚
902 2692 918 2733 e
929 2675 996 2753 qui·

309 2750 364 2809 bus
388 2749 447 2830 ipse
465 2750 645 2813 Divitiacum
667 2752 824 2825 AEduum‚
850 2749 995 2830 hospitem

309 2845 391 2889 tuum
407 2830 646 2910 laudatoremque
663 2834 814 2913 cognovi3
832 2833 880 2911 qui
895 2832 925 2888 &
943 2851 994 2894 na.-

309 2925 381 2969 turae
394 2912 536 2972 rationem
550 2956 559 2983 ,
571 2933 655 2990 quam
668 2913 883 2992 physiologiam
896 2910 996 2975 Greci

288 2990 482 3073 appellant,
506 3008 606 3077 notam
624 2990 681 3057 effe
701 2995 756 3058 sibi
778 2989 999 3077 profitssbssffla.
1072 3053 1074 3061 r
