2709 4017
503 381 579 477 362
626 378 694 448 De
726 390 1059 465 mmmmm

501 495 694 575 antiquiorem
710 494 787 553 enim
799 492 852 550 sibi
872 490 952 554 fuiffe
963 489 1127 573 poiieseion

501 573 555 635 suis
573 574 706 656 gloiiam.
725 570 779 633 Ille
796 572 867 630 mihi
883 573 998 633 videtur
1018 573 1129 654 igitur*

501 677 537 714 au
559 656 642 714 utari.
662 652 740 714 Nam
761 651 848 713 nostri
870 653 990 734 quidem
1014 652 1129 734 magistr

502 675 630 815 auipiciis
646 750 765 794 utuntur
782 731 905 793 coaiiis:
921 731 1035 794 neceiie
1047 736 1128 794 enim

504 812 563 876 offa
584 812 700 907 objekii
713 860 721 886 ‚
743 813 848 873 cadere
858 812 979 874 frustum
991 833 1027 875 ex
1036 816 1129 953 puilia

504 893 868 1072 unfinzznui
881 895 1113 1047 uuum:

504 1078 536 1116 m
559 1054 653 1117 solum
680 1055 816 1117 ceciderit
834 1074 843 1126 ;
864 1054 920 1114 hoc
949 1075 1096 1135 quoque,
1118 1078 1129 1115 t

507 1136 567 1197 dixi
587 1135 740 1208 cestium,
758 1135 916 1214 tripudium
934 1133 1104 1195 solistimum

508 1220 556 1278 tis.
577 1215 677 1296 ltaque
694 1217 784 1276 multa
801 1218 940 1296 auguria,
956 1215 1046 1275 multa
1056 1215 1126 1298 ausp

511 1297 592 1380 quod
611 1295 691 1358 Cato
716 1297 764 1356 ille
786 1293 896 1374 sapiens
918 1298 1074 1376 queritur,
1108 1319 1127 1357 u

512 1378 611 1519 penti&
633 1378 750 1458 collegii
770 1373 866 1436 amiffa
883 1376 998 1458 plane,
1025 1377 1058 1437 &
1089 1377 1128 1439 de

528 1474 588 1518 unt.

556 1552 644 1616 XVI.
665 1553 746 1614 Nihil
760 1556 821 1618 fere
841 1556 989 1636 quondam
1008 1552 1129 1634 majoris

516 1638 571 1699 nisi
587 1635 754 1718 auspicati),
774 1658 811 1698 ne
832 1640 966 1718 privatim
980 1636 1098 1718 quidem
1119 1659 1129 1720 p

519 1719 605 1779 batur
625 1738 635 1792 3
660 1717 742 1799 quod
762 1722 849 1780 etiam
868 1739 944 1778 nunc
964 1719 1129 1796 nuptiarum

520 1798 613 1881 spices
631 1798 799 1873 declarant,
819 1801 885 1880 qui,
905 1819 936 1858 re
953 1797 1129 1871 omissum

518 1883 633 1942 tantiun
642 1897 754 1940 tenent.
769 1879 845 1940 Nam
858 1897 890 1939 ut
906 1901 982 1939 nunc
994 1881 1065 1939 extis
1079 1876 1092 1960 (
1104 1900 1129 1962 q=

522 1983 610 2044 quam
637 1962 669 2020 id
697 1961 787 2042 ipsum
810 1961 956 2041 aliquanti)
978 1961 1092 2033 minus,
1121 1983 1129 2020 e

523 2040 618 2123 olim)
647 2043 686 2100 sic
712 2060 774 2102 tum
798 2043 898 2101 avibus
915 2061 1028 2121 magnae
1044 2058 1090 2099 res
1113 2042 1129 2101 ii

524 2125 584 2181 triti
607 2120 746 2180 solebant.
767 2122 868 2200 Itaque
888 2167 897 2195 ,
919 2121 1028 2181 sinistra
1052 2119 1122 2180 dum

525 2201 718 2282 exquirimus,
739 2205 768 2260 in
791 2202 850 2260 dira
873 2203 904 2263 δι
927 2204 956 2262 in
973 2200 1074 2261 vitiosa
1093 2205 1129 2262 in<

522 2282 613 2354 'mus3
631 2297 662 2339 ut
679 2278 712 2339 P.
736 2280 876 2341 Claudius
902 2281 992 2365 Appii
1009 2280 1090 2342 Caeci
1115 2281 1129 2342 ί

529 2359 646 2443 ejusque
667 2362 804 2445 collega,
828 2363 862 2423 L.
885 2362 1005 2435 lunius,
1024 2360 1122 2423 classes

529 2446 621 2503 ximas
638 2444 854 2523 perdiderunt,
876 2464 965 2522 quum
987 2445 1059 2502 vitio
1085 2464 1129 2501 na·

529 2523 603 2585 sent.
635 2524 730 2603 Quod
756 2525 867 2583 eodem
895 2525 987 2583 modo
1009 2525 1109 2583 evenit

531 2605 701 2667 memnoni:
718 2605 766 2686 qui
780 2648 790 2678 ‚
806 2624 894 2686 quum
907 2604 1013 2664 Achivi
1026 2601 1129 2684 coepiffi

532 2735 602 2788 Inter
614 2733 665 2804 sese
678 2736 801 2804 strepere,
821 2737 944 2804 apertique
963 2753 1036 2788 artem
1054 2736 1129 2788 obteri

607 2825 714 2896 cispicum
724 2846 735 2887 3

535 2917 634 2969 Solvere
652 2917 753 2986 imperat
758 2917 861 2988 finiendo
872 2939 962 2972 nemore
972 2956 980 2980 ,
991 2926 1129 2990 adrersdqm
