2709 4017
392 467 548 534 Lim
571 481 846 538 saevimus,
892 468 973 562 2‘05·

294 575 473 638 coelestibus:
489 598 550 639 tum
562 577 647 639 stellis
662 581 714 653 iis,
732 601 801 661 quas
813 579 910 641 Graeci
920 605 978 643 co··

293 676 407 732 metas,
430 658 516 719 nostri
534 663 646 719 crinitas
664 674 864 740 vocant,'quae
881 683 975 742 nuper

293 737 375 797 bello
396 739 748 822 Ollavianomagnarum
766 739 880 800 fuerunt
895 744 975 800 cala-

293 821 426 877 mitatum
445 824 627 899 praenuntiae:
649 838 711 879 tum
725 820 784 879 sole
804 823 973 901 geminato,

241 966 245 975 Ι
293 897 403 1036 puod,
430 917 461 958 ut
484 920 500 960 e
521 917 603 980 patre
625 901 747 974 audivi,
769 899 917 959 Tuditano
940 903 977 961 &'

327 979 414 1059 quilio
427 979 607 1052 consulibus,
619 998 758 1040 evenerat
767 1001 777 1053 3
787 1002 844 1060 quo
854 981 980 1060 quidem

292 1079 371 1116 auno
382 1058 414 1118 P.
428 1058 580 1119 Africanus
599 1060 641 1119 sol
655 1062 726 1120 alter
745 1059 893 1120 exstinllus
914 1060 953 1120 est
964 1076 981 1119 :⁸

293 1139 398 1218 quibus
421 1142 547 1199 exterriti
569 1141 701 1200 homines
724 1143 784 1200 vim
819 1141 973 1221 quamdam

294 1215 352 1276 elle
368 1216 514 1279 coelestem
525 1221 557 1279 &
571 1220 697 1279 divinam
708 1218 835 1301 suspicati
848 1220 919 1279 suut.
981 1254 984 1259 ·

340 1314 387 1377 15.
408 1298 552 1376 Quartam
571 1299 681 1358 causam
697 1298 752 1359 effe
763 1320 909 1380 ,eamque
923 1299 974 1359 vel

292 1380 470 1450 maximam,
484 1380 705 1458 aequabilitatem
718 1379 833 1450 monis,
853 1399 982 1439 conuer-¹

293 1459 408 1518 sionem
420 1459 486 1517 coeli
498 1479 506 1530 ;
519 1459 603 1532 solis,
616 1459 690 1518 lunae
700 1504 709 1533 ,
720 1459 902 1538 siderumque
911 1479 977 1517 om·

293 1539 373 1596 nium
392 1537 620 1611 distinllionem,
642 1542 829 1612 varietatem,
848 1539 977 1618 pulchri·

293 1618 455 1689 tudinem,
482 1621 614 1680 ordinem
632 1641 641 1692 ;
664 1641 783 1702 quarum
806 1640 900 1679 rerum
921 1619 979 1678 ad··

293 1695 404 1776 spelius
417 1698 474 1778 ipse
484 1699 547 1759 satis
555 1700 714 1774 indicaret,
726 1721 787 1759 non
801 1697 856 1760 effe
870 1720 903 1760 ea
913 1699 982 1759 for··

293 1779 375 1836 tuita.
391 1778 434 1838 Ut
447 1781 469 1837 si
480 1783 541 1860 quis
555 1783 583 1838 in
596 1780 715 1838 domum
733 1780 872 1858 aliquam,
887 1798 933 1838 aut
943 1782 979 1839 ini

294 1861 501 1938 gymnasium,
514 1877 563 1916 aut
583 1861 612 1916 in
628 1858 722 1916 forum
735 1861 867 1929 venerit,
886 1880 974 1937 quum

293 1939 395 1999 videat
406 1940 535 1996 omnium
546 1957 642 1996 rerum
655 1941 796 1996 rationem
807 1981 815 2008 ,
835 1940 976 2010 modum,

296 2016 492 2096 disciplinam,
506 2038 566 2075 non
581 2019 672 2096 possit
690 2037 724 2076 ea
737 2019 797 2075 sine
814 2037 896 2075 causa
914 2015 977 2076 fieri

295 2094 444 2177 judicare,
465 2095 514 2155 sed
535 2093 590 2155 esse
610 2097 735 2176 aliquem
752 2096 910 2177 intelligat,
927 2099 978 2176 qui

295 2179 412 2258 praesit,
439 2177 470 2236 ὃ(
491 2178 536 2254 cui
555 2194 711 2256 pareatur,
731 2177 822 2235 multi>
841 2177 930 2257 magis
945 2180 977 2236 in

295 2260 382 2317 tantis
390 2257 564 2316 motionibus
574 2256 712 2336 tantisque
720 2257 982 2332 vicissitudinibus,¹

297 2354 357 2397 tam
369 2337 522 2396 multarum
534 2357 628 2395 rerum
641 2355 726 2417 atque
738 2354 880 2396 tantarum
898 2337 981 2396 ordi*

297 2420 398 2488 nibus,
426 2420 456 2476 in
480 2417 580 2497 quibus
597 2418 667 2476 nihil
683 2438 819 2498 umquam
837 2417 982 2477 immensa·

299 2497 333 2557 &
345 2497 453 2557 infinita
465 2495 587 2556 vetustas
598 2499 718 2556 mentita
734 2499 768 2554 sit
780 2541 789 2568 ,
807 2494 908 2556 statuat
923 2517 978 2556 ne·

298 2575 372 2637 cesse
385 2576 425 2638 est
443 2622 453 2651 ,
478 2578 514 2635 ab
532 2577 625 2657 aliqua
637 2593 735 2635 meme
754 2593 852 2635 tantos
869 2595 982 2637 natur&

299 2674 396 2716 motus
412 2657 573 2737 gubernari.

342 2735 397 2795 Vl.
418 2736 597 2816 Chrysippus
605 2736 923 2817 quidem,quamquam
935 2739 975 2792 est

300 2818 439 2876 acerrimo
457 2817 594 2896 ingeni0,
615 2834 711 2877 tamen
728 2817 868 2885 eudicit,
888 2830 919 2870 ut
940 2812 983 2868 abi

300 2894 360 2974 ipsa
378 2912 474 2956 natura
486 2895 630 2968 didicille,
650 2919 710 2955 non
721 2912 751 2955 ut
766 2894 825 2974 ipse
837 2893 985 2968 reperisse

300 2975 442 3040 videatur.
462 2974 493 3037 si
513 2979 610 3054 euim,
630 2979 739 3060 inquit,
760 2971 800 3035 est
821 2970 925 3051 aliquid
945 2971 984 3030 iu·
