2709 4017
420 435 499 506 utos
534 413 601 481 Du
625 429 799 480 uarum
827 430 1040 500 vunnu-at,
1126 273 1135 454 l

320 527 327 534 ’
414 531 490 590 dum
504 527 560 589 elle
575 531 637 587 sine
649 526 728 593 sensu
740 547 748 597 ;
763 529 810 608 qui
820 528 934 608 integro
945 572 956 598 ‚
968 527 1002 587 δι
1013 541 1100 610 puto‚‘

413 611 453 669 ’ἃ
467 610 580 681 libero,
595 609 761 688 eodemque
776 609 916 678 acerrimo
931 608 962 666 &
977 610 1103 671 mobilis·

419 693 493 748 simo
504 689 609 748 ardore
626 705 775 747 teneatur:
797 684 953 767 ptaesertim
972 709 1066 769 quum
1082 694 1102 749 is

412 770 524 842 ardor,
553 772 602 849 qui
629 767 669 829 est
687 767 807 840 mundi,
826 787 888 825 non
914 771 1043 906 affitatus
1069 771 1102 829 ab

412 851 500 922 alio,
522 869 619 928 neque
638 866 764 908 externo
789 845 899 927 pulsu,
941 848 978 906 ed
999 870 1057 929 pet
1076 850 1102 911 se

413 927 477 1008 ipse
498 942 531 987 ac
556 928 603 988 sual
625 927 728 1007 sponte
753 945 916 987 moveatur.
933 925 1020 987 Nam
1037 930 1103 1010 quial

416 1007 512 1090 potest
526 1006 582 1068 elle
597 1007 707 1067 mundo
728 1008 888 1077 valentius,
910 1008 994 1086 quod
1016 1011 1103 1089 pellat

412 1099 505 1169 'atque
522 1107 642 1148 moveat
662 1088 790 1151 calorem
808 1106 897 1159 eum,
913 1107 975 1168 quo
992 1089 1046 1150 ille
1059 1106 1104 1151 te·

413 1168 543 1230 'neatutl

460 1248 539 1309 XII.
561 1248 721 1308 Audiamus
737 1248 814 1307 enim
827 1244 1002 1321 Platonem,
1023 1251 1102 1331 quasi

412 1329 574 1410 quemdam
596 1329 683 1388 deum
698 1325 810 1408 philolo
833 1327 958 1398 horum3
976 1331 1025 1388 cui
1046 1330 1103 1390 duo

419 1412 514 1488 placet
527 1407 582 1468 elle
592 1425 706 1477 motus,
716 1428 805 1465 unum
813 1348 894 1465 lu’um
904 1452 913 1478 ‚
923 1407 1049 1469 alterum
1061 1431 1104 1470 ex·

419 1505 546 1547 ternum:
558 1485 614 1546 elle
626 1487 958 1566 autem²divinius‚quod
966 1487 1060 1568 ipsum
1070 1509 1103 1551 ex

417 1566 446 1625 se
458 1565 505 1624 sual
517 1565 622 1646 sponte
633 1585 806 1636 moveatur,
821 1567 907 1646 quim
923 1569 1008 1647 quod
1025 1569 1103 1650 pulsu

419 1649 543 1727 agitetur
565 1646 672 1706 alieno.
701 1647 788 1705 Hunc
813 1664 908 1706 autem
936 1667 1055 1708 motum
1076 1652 1103 1710 in

410 1725 485 1786 'solis
502 1728 603 1787 animis
620 1725 677 1788 elle
696 1728 800 1807 ponit,
821 1727 857 1784 ab
875 1725 973 1809 hisque
996 1731 1103 1809 princi·

408 1810 500 1889 ·pium
518 1807 614 1867 monis
631 1804 687 1868 effe
712 1807 826 1865 dulium
849 1821 937 1884 putat.
955 1806 1101 1890 Quapro-

418 1906 483 1968 pter
502 1932 512 1961 ,
539 1889 676 1969 quoniam
702 1907 737 1946 ex
758 1885 856 1945 mundi
874 1886 980 1945 ardore
1004 1908 1101 1949 motus

419 1969 514 2027 omnis
527 1971 636 2038 oritur,
652 1969 678 2023 is
704 1986 800 2025 autem
823 1964 908 2023 ardor
926 1987 989 2025 non
1007 1970 1101 2030 alieno

408 2046 560 2124 impulsu,
580 2045 628 2104 sed
641 2044 687 2103 suit
699 2043 803 2122 sponte
822 2061 976 2119 movetur3
994 2051 1101 2109 animus

418 2126 454 2182 sit
472 2123 583 2183 neceffe
597 2123 646 2182 est.
667 2122 710 2180 Ex
722 2143 780 2203 quo
798 2120 941 2197 efficitur,
969 2132 1101 2191 animan.

405 2211 478 2261 'tem
493 2201 549 2262 elle
565 2202 714 2260 mundum.
1074 2247 1077 2251 -

460 2299 507 2359 33.
529 2285 627 2361 Atque
645 2302 681 2342 ex
695 2283 751 2340 hoc
765 2301 882 2362 quoque
900 2282 1025 2369 intelligi
1044 2311 1100 2370 pe-

416 2364 505 2433 terit,
533 2362 561 2419 in
586 2382 624 2422 eo
646 2360 734 2423 inelle
759 2360 1001 2443 intelligentiam,
1022 2369 1101 2450 quud

418 2442 496 2500 cette
514 2441 554 2501 est
566 2444 689 2503 mundus
706 2443 809 2502 melior
822 2444 907 2523 quam
922 2446 980 2504 ulla
992 2467 1100 2510 natura.

418 2519 461 2580 Ut
474 2525 551 2583 enim
565 2526 641 2584 nulla
650 2546 715 2605 pars
727 2525 855 2604 corporis
870 2524 956 2583 nostri
966 2526 1007 2585 est
1017 2571 1027 2600 ,
1038 2550 1100 2610 quae

418 2623 480 2662 non
500 2607 618 2663 minoris
637 2608 673 2664 sit
695 2603 780 2684 quim
802 2602 968 2683 nosmetipsi
984 2605 1100 2681 sumus·,

418 2684 613 2743 siemundum
632 2683 792 2743 universum
810 2685 895 2763 pluris
916 2683 972 2744 elle
985 2687 1099 2750 necesse

417 2761 477 2834 est,
492 2762 578 2843 quam
594 2782 706 2841 partem
718 2764 840 2844 aliquam
854 2767 1100 2848 universi.·Quod

417 2846 440 2901 si
456 2845 494 2901 ita
510 2841 571 2915 e'st,
590 2844 617 2901 sa
640 2845 700 2903 iens
715 2844 749 2901 sit
767 2843 888 2902 mundus
907 2834 1021 2909 nece'lle
1044 2849 1098 2909 est:

402 2926 485 3003 'nam
500 2925 530 2988 ni
543 2927 583 2984 ita
594 2866 684 3000 alet,
701 2921 850 2988 hominem
861 2968 871 2999 ,
884 2926 934 3006 qui
943 2924 985 2988 est
997 2929 1099 2993 mundi
